2528 4172
101 250 283 302 mez
311 251 607 316 Tarauna]
686 249 1084 303 PRINCIPIA
1126 250 1742 304 MATHEMATICA.

2169 260 2234 305 95

100 392 400 453 Quinetiam
422 393 463 444 si
488 394 542 444 in
561 392 774 462 praefata
797 393 1033 462 ellipseos
1054 393 1373 444 revolutione
1398 406 1647 461 punctum
1669 395 1884 465 quodvis
1906 395 1959 446 N
1978 396 2238 447 describat

96 483 346 534 circulum
374 484 427 535 N
456 485 536 547 M,
566 494 822 536 secantem
847 483 1119 552 parallelos
1158 485 1202 535 F
1227 483 1260 545 f,
1291 485 1345 535 D
1373 484 1409 535 d
1439 485 1493 535 in
1518 485 1644 535 locis
1672 486 1936 555 quibusvis
1979 486 2046 549 R,
2077 487 2144 549 Τ,
2185 498 2240 539 et

99 587 417 646 aequatorem
443 579 494 629 A
524 577 570 628 E
596 578 650 628 in
679 578 716 629 S
731 598 745 639 3
784 577 883 629 erit
911 578 955 629 C
984 576 1037 627 N
1062 576 1280 628 altitudo
1305 577 1460 627 maris
1486 576 1539 626 in
1565 577 1691 627 locis
1718 578 1958 629 omnibus
1988 579 2055 640 R,
2089 580 2141 641 S,
2167 580 2232 642 T,

102 668 212 720 sitis
238 668 292 718 in
316 668 416 718 hoc
442 668 648 719 circulo.
728 667 874 719 Hinc
899 666 953 717 in
977 666 1297 718 revolutione
1323 666 1508 717 diurna
1543 666 1645 717 loci
1671 668 1892 736 cujusvis
1924 667 1985 730 F,
2013 667 2235 720 affluxus

93 760 191 812 erit
214 760 467 811 maximus
493 758 547 809 in
575 759 634 821 F,
663 758 791 810 hora
816 756 964 809 tertia
990 767 1109 826 post
1128 757 1404 826 appulsum
1426 756 1594 807 Lunae
1614 755 1682 807 ad
1706 758 2053 810 meridianum
2073 777 2233 827 supra

92 850 429 912 horizontem,
475 858 656 918 postea
705 848 943 899 defluxus
993 848 1250 898 maximus
1299 848 1354 899 in
1401 847 1454 908 Q
1497 845 1625 897 hora
1665 847 1813 898 tertia
1844 858 1963 916 post
1993 867 2234 902 occasum

94 939 277 1001 Lunae,
319 938 438 990 dein
476 938 696 989 affluxus
734 938 989 989 maximus
1026 938 1079 987 in
1117 937 1145 988 f
1172 937 1300 989 hora
1334 937 1483 989 tertia
1515 947 1633 1006 post
1667 939 1943 1006 appulsum
1972 940 2139 991 Lunae
2166 944 2231 994 ad

91 1028 432 1079 meridianum
457 1027 589 1079 infra
612 1027 965 1089 horizontem3
1005 1027 1188 1079 ultimo
1214 1028 1451 1080 defluxus
1477 1029 1734 1080 maximus
1761 1030 1815 1080 in
1847 1031 1901 1091 Q
1923 1031 2053 1082 hora
2081 1035 2231 1086 tertia

90 1131 208 1191 post
251 1132 421 1172 ortum
452 1121 649 1181 Lunae3
689 1131 739 1172 et
776 1120 997 1171 affluxus
1033 1121 1291 1189 posterior
1327 1121 1382 1171 in
1419 1121 1448 1171 f
1476 1122 1572 1173 erit
1608 1122 1779 1173 minor
1818 1121 1973 1192 quam
2009 1124 2232 1178 affluxus

93 1215 237 1284 prior
262 1215 314 1264 in
344 1215 405 1266 F.
478 1213 830 1283 Distinguitur
857 1214 990 1264 enim
1020 1231 1161 1264 mare
1187 1222 1354 1264 totum
1380 1213 1433 1264 in
1460 1213 1590 1265 duos
1617 1214 1830 1265 omnino
1855 1215 2042 1267 fluctus
2067 1216 2232 1267 hemi-

94 1305 390 1374 sphaericos,
418 1322 582 1355 unum
607 1303 973 1372 hemisphaerio
1015 1302 1067 1354 K
1096 1303 1156 1354 H
1181 1303 1217 1353 k
1243 1303 1309 1354 ad
1335 1305 1548 1354 boream
1573 1314 1889 1375 vergentem,
1931 1306 2150 1356 alterum
2177 1307 2230 1356 in

86 1395 451 1464 hemisphaerio
490 1395 729 1463 opposito
770 1394 822 1445 K
849 1393 884 1443 h
910 1394 973 1454 k3
1014 1411 1142 1463 quos
1180 1393 1338 1464 igitur
1374 1395 1588 1445 fluctum
1625 1394 1890 1445 borealem
1925 1406 1975 1446 et
2008 1396 2224 1446 fluctum

86 1488 363 1539 australem
388 1487 656 1539 nominare
682 1487 817 1537 licet.
896 1486 976 1537 Hi
999 1469 1187 1537 fluctus
1214 1504 1421 1554 semper
1447 1487 1543 1538 sibi
1569 1486 1750 1538 mutuo
1771 1489 1997 1556 oppositi
2016 1491 2229 1541 veniunt

84 1598 178 1648 per
202 1580 339 1631 vices
365 1578 432 1630 ad
457 1577 768 1629 meridianos
794 1576 1030 1627 locorum
1068 1576 1407 1647 singulorum,
1445 1577 1749 1645 interposito
1774 1578 2046 1630 intervallo
2072 1579 2227 1630 hora-

84 1688 200 1721 rum
235 1668 494 1720 lunarium
531 1666 822 1718 duodecim.
903 1665 1140 1736 Cumque
1177 1667 1414 1737 regiones
1451 1668 1685 1724 boreales
1720 1669 1884 1740 magis
1917 1671 2230 1740 participant

83 1760 299 1811 fluctum
324 1756 601 1820 borealem,
632 1767 683 1808 et
708 1757 955 1808 australes
980 1757 1145 1827 magis
1170 1758 1464 1820 australem,
1494 1759 1617 1815 inde
1636 1761 1874 1813 oriuntur
1900 1772 2055 1815 aestus
2077 1763 2229 1816 alter-

84 1853 164 1904 nis
189 1852 385 1903 vicibus
410 1851 628 1919 majores
655 1860 706 1900 et
730 1850 972 1911 minores,
1014 1850 1068 1900 in
1093 1850 1219 1901 locis
1246 1850 1461 1921 singulis
1487 1860 1636 1906 extra
1663 1863 1995 1922 aequatorem,
2035 1855 2091 1905 in
2116 1856 2229 1923 qui-

83 1948 179 1998 bus
215 1944 489 1997 luminaria
513 1943 751 1994 oriuntur
777 1953 827 1993 et
854 1942 1112 1994 occidunt.
1191 1941 1378 1993 AEstus
1406 1953 1580 1993 autem
1606 1945 1785 2012 major,
1815 1944 1967 1996 Luna
1995 1946 2049 1995 in
2074 1946 2228 1997 verti-

84 2056 195 2089 cem
221 2037 323 2087 loci
348 2034 655 2095 declinante,
684 2033 876 2084 incidet
900 2033 954 2082 in
980 2031 1163 2083 horam
1183 2032 1385 2083 circiter
1405 2031 1607 2083 tertiam
1625 2044 1744 2101 post
1760 2034 2035 2102 appulsum
2058 2036 2228 2087 Lunae

85 2130 151 2180 ad
177 2127 520 2180 meridianum
547 2145 703 2195 supra
727 2125 1064 2188 horizontem,
1088 2136 1139 2178 et
1159 2124 1310 2180 Luna
1332 2125 1728 2180 declinationem
1749 2138 1980 2182 mutante
2000 2139 2229 2181 vertetur

86 2282 137 2327 A,
159 2281 220 2319 vel
242 2282 288 2328 C,
309 2289 348 2321 et
368 2284 404 2322 B
422 2282 481 2321 vel
503 2283 557 2330 D,
577 2280 814 2321 intermediis
832 2279 942 2319 fluidi
959 2280 1125 2330 particu-
1179 2279 1232 2317 ris
1258 2293 1338 2318 sese
1365 2288 1570 2329 componet
1597 2280 1636 2318 in
1658 2279 1822 2332 figuram
1842 2280 2094 2330 sphaeroidem
2116 2282 2229 2336 cnjus

8 2361 11 2365 ›
83 2335 131 2373 1ae
152 2343 353 2386 utramque
371 2336 630 2374 conditionem
648 2334 901 2384 participant3
930 2347 1009 2384 quo
1037 2334 1127 2372 vici-

16 2912 17 2915 *
85 2866 142 2903 vis
172 2873 217 2905 ut
250 2866 283 2903 F
309 2866 357 2909 G,
392 2867 618 2916 gravitatem

65 3638 69 3642 ,
97 3616 229 3642 versus
251 3604 289 3641 A
309 3611 348 3641 et
369 3606 415 3650 C,
441 3604 628 3653 deprime·

84 2389 209 2426 nim-es
223 2397 313 2426 sunt
325 2388 433 2431 fluidi
452 2390 638 2427 terrestris
656 2398 783 2438 partes
800 2386 954 2436 punctis
969 2388 1005 2425 C
1020 2395 1059 2425 et
1075 2388 1128 2434 A,

85 2440 131 2479 εό
170 2441 300 2479 minus
340 2455 474 2493 graves
509 2450 613 2488 sunt,

85 2508 174 2533 nam
194 2495 293 2532 actio
315 2495 443 2542 Lunae
462 2495 540 2533 sive
559 2497 616 2533 vis

85 2555 130 2585 ut
171 2548 208 2585 G
242 2548 296 2594 T,
335 2549 413 2585 vim
452 2549 615 2598 propriae

86 2600 279 2650 gravitatis
310 2614 441 2639 versus
475 2602 512 2639 T
541 2602 614 2639 mi-

86 2655 182 2696 nuit,
225 2662 263 2691 et
300 2667 377 2704 quo
421 2656 617 2703 propiores

85 2714 175 2744 sunt
192 2707 346 2754 punctis
374 2708 408 2744 B
428 2715 466 2745 et
487 2708 541 2754 D,
570 2706 617 2746 εδ

84 2759 276 2810 graviores
322 2759 434 2802 fiunt,
482 2760 618 2798 eadem

85 2813 188 2850 enim
225 2813 324 2850 actio
360 2813 505 2851 lunaris
540 2812 618 2850 sive

85 2918 276 2967 propriam
309 2927 437 2970 auget.
514 2919 620 2964 Quia

85 2970 174 3008 vero
203 2971 341 3022 globus
377 2973 411 3009 A
441 2972 475 3010 B
500 2973 532 3010 C
564 2972 618 3017 D,

87 3023 207 3063 fluido
226 3025 315 3062 satis
333 3024 527 3074 profundo
546 3038 620 3064 un-

87 3076 203 3126 dique
226 3084 427 3127 coopertus
450 3078 619 3127 ponitur,

88 3128 197 3166 fluidi
233 3138 365 3168 autem¹
397 3140 522 3180 partes
559 3144 620 3169 ce-

87 3181 187 3219 dunt
210 3181 247 3219 vi
278 3183 507 3234 cuicumque
535 3184 618 3222 illa·

87 3242 137 3272 tae
161 3241 199 3274 et
223 3234 392 3274 cedendo
409 3237 520 3277 facile
539 3250 622 3275 mo-

89 3295 227 3326 ventur
258 3286 357 3325 inter
380 3301 431 3333 se,
458 3289 622 3328 fluidum

89 3339 186 3378 illud
212 3352 341 3377 versus
370 3341 408 3379 A
428 3350 467 3380 et
489 3344 521 3381 C
550 3356 619 3391 po-

89 3392 205 3432 situm
233 3405 256 3430 a
283 3392 403 3431 fluido
430 3407 562 3432 versus
584 3397 619 3433 B

89 3453 129 3483 et
161 3446 213 3489 D,
242 3445 366 3493 posito
394 3447 623 3496 expelletur,

92 3497 216 3537 levius
234 3497 381 3537 scilicet
399 3512 423 3537 a
442 3500 624 3551 graviore,

95 3551 296 3590 attolletur
337 3550 429 3603 ergo
464 3551 629 3591 fluidum

93 3663 231 3706 tun-que
262 3670 392 3695 versus
428 3658 464 3696 B
496 3665 535 3695 et
569 3659 623 3703 D,

95 3708 216 3749 donec
234 3710 376 3749 scilicet
398 3711 520 3760 major
538 3710 647 3748 fluidi
665 3711 786 3750 moles
810 3721 849 3751 et
871 3713 1033 3752 altitudo
1049 3720 1132 3750 ma-

91 3761 215 3812 jorem
232 3764 459 3814 gravitatem
478 3772 708 3813 compenset,
730 3774 769 3803 et
788 3766 930 3816 ubique
951 3766 1134 3804 constitu-

70 3863 75 3870 4
97 3821 182 3853 atur
209 3816 476 3868 aequilibrium.
535 3818 781 3870 Quapropter
811 3819 1028 3872 superficies
1055 3831 1134 3859 ma-

1183 2334 1265 2371 axis
1296 2342 1352 2371 est
1379 2342 1482 2371 recta
1513 2336 1549 2372 A
1574 2335 1620 2380 C,
1649 2348 1736 2384 quae
1764 2335 1951 2384 producta
1976 2347 2044 2383 per
2070 2336 2226 2372 Lunam

1182 2387 1367 2424 transibit.
1419 2387 1529 2424 Hinc
1547 2395 1650 2436 patet
1669 2387 1833 2438 figuram
1853 2388 1968 2425 maris
1988 2388 2027 2424 in
2047 2389 2228 2437 sphaeroi„

1182 2440 1271 2478 dem
1290 2440 1497 2491 oblongam
1515 2440 1672 2478 formari
1691 2441 1841 2479 debere.

1240 2549 1325 2585 107.
1356 2546 1480 2583 Simili
1499 2554 1729 2597 argumento
1748 2554 1851 2596 patet
1870 2546 2108 2585 considerata
2130 2548 2229 2585 Solis

1182 2600 1332 2637 actione
1351 2598 1516 2637 fluidum
1531 2608 1705 2638 terrestre
1720 2601 1899 2649 componi
1919 2600 1958 2636 in
1975 2601 2227 2649 sphaeroidem

1183 2653 1389 2703 oblongam
1419 2654 1529 2703 cujus
1548 2653 1629 2690 axis
1648 2653 1858 2701 productus
1883 2666 1950 2701 per
1975 2654 2104 2691 Solem
2125 2661 2228 2691 tran-

1182 2705 1242 2743 sit.
1306 2706 1346 2743 Si
1373 2706 1477 2742 enim
1508 2706 1567 2757 (in
1594 2707 1660 2756 fig.
1685 2706 1870 2755 proeced.)
1906 2706 2046 2756 globus
2079 2707 2114 2744 L
2149 2720 2227 2744 non

1187 2759 1345 2797 Lunam
1366 2758 1432 2796 sed
1456 2759 1584 2797 Solem
1603 2760 1788 2809 designet,
1811 2767 1948 2796 caetera
1966 2773 2005 2797 se
2024 2761 2166 2797 habent
2185 2768 2228 2796 ut

1183 2811 1312 2860 supra.
1366 2815 1420 2849 At
1439 2812 1479 2848 in
1499 2813 1572 2849 hoc
1591 2825 1678 2849 casu
1700 2813 1827 2849 minor
1845 2812 1916 2849 erit
1934 2811 2052 2862 quam
2071 2813 2110 2849 in
2132 2813 2225 2849 alte-

1182 2877 1225 2902 ro
1252 2864 1384 2901 axium
1413 2863 1638 2903 differentia.
1701 2865 1804 2902 Nam
1834 2864 1941 2902 fluidi
1969 2873 2098 2902 tumor
2127 2865 2165 2900 in
2193 2866 2225 2902 C

1183 2917 1275 2954 hinc
1302 2918 1424 2955 oritur
1449 2917 1553 2967 quod
1579 2917 1745 2955 fluidum
1774 2918 1896 2969 magis
1915 2920 2076 2968 gravitot
2096 2931 2226 2957 versus

1183 2970 1340 3008 Lunam
1360 2970 1477 3022 quam
1496 2970 1663 3008 Telluris
1681 2979 1855 3008 centrum
1879 2972 1925 3013 T,
1949 2979 2079 3008 tumor
2097 2978 2225 3009 autem

1182 3022 1291 3060 fluidi
1318 3024 1358 3060 in
1391 3026 1440 3069 A,
1470 3023 1561 3060 inde
1586 3024 1759 3072 provenit
1777 3024 1880 3073 quod
1903 3024 2032 3063 Terrae
2051 3032 2226 3060 centrum

1182 3077 1307 3127 magis
1338 3076 1454 3127 quam
1486 3076 1650 3113 fluidum
1683 3089 1813 3114 versus
1847 3077 2002 3116 Lunam
2035 3078 2225 3126 gravitet;

1182 3142 1311 3179 quare,
1344 3131 1375 3166 si
1405 3131 1487 3166 haec
1519 3129 1678 3167 elevatio
1714 3129 1813 3166 Solis
1844 3130 1984 3167 actioni
2021 3131 2224 3174 tribuatur,

1182 3182 1309 3219 minor
1327 3182 1398 3220 erit
1416 3178 1574 3219 effectus
1588 3183 1761 3232 quamvis
1776 3182 1873 3219 actio
1891 3182 1990 3218 Solis
2008 3182 2047 3217 in
2067 3183 2226 3219 Terram

1183 3237 1306 3287 major
1325 3235 1373 3272 sit
1390 3234 1508 3285 quarn
1528 3236 1626 3272 actio
1647 3236 1774 3272 Lunae
1793 3236 1830 3272 in
1852 3234 2040 3281 eamdem,
2060 3236 2228 3273 Telluris

1184 3288 1287 3325 enim
1308 3288 1607 3326 semi-diameter
1628 3289 1664 3325 T
1687 3288 1719 3325 C
1738 3287 1797 3324 vel
1820 3288 1856 3324 T
1879 3288 1915 3324 A
1936 3286 2015 3324 fere
2040 3290 2230 3327 evanescit

1186 3350 1359 3390 respectu
1378 3342 1578 3378 immensae
1598 3341 1698 3378 Solis
1716 3354 1738 3377 a
1759 3340 1882 3382 Terra
1900 3340 2102 3386 distantiae,
2123 3341 2229 3379 idco-

1186 3407 1262 3444 que
1281 3394 1391 3431 fluidi
1411 3394 1451 3430 in
1475 3395 1506 3432 C
1526 3394 1640 3431 locati
1665 3393 1832 3447 gravitas
1849 3406 1980 3430 versus
2002 3395 2129 3432 Solem
2160 3394 2231 3432 erit

1185 3446 1459 3485 insensibiliter
1500 3447 1623 3497 major
1664 3446 1848 3496 gravitate
1888 3447 2056 3484 Telluris
2100 3461 2232 3485 versus

1189 3500 1369 3543 eundem,
1391 3507 1430 3537 et
1447 3498 1555 3536 fluidi
1575 3500 1614 3535 in
1641 3500 1673 3537 A
1697 3499 1807 3547 positi
1827 3500 1992 3549 gravitas,
2009 3513 2140 3539 versus
2162 3503 2232 3538 So·-

1188 3553 1264 3590 lcm
1297 3553 1369 3589 erit
1398 3551 1667 3593 insensibiliter
1693 3552 1821 3589 minor
1847 3556 2031 3603 gravitate
2062 3555 2234 3591 Telluris

1188 3618 1319 3645 versus
1348 3605 1528 3649 eundem,
1562 3617 1679 3657 quare
1710 3604 1835 3655 figura
1871 3606 2107 3658 sphaeroidea
2142 3606 2233 3643 inde

1190 3659 1320 3708 genita
1351 3669 1487 3707 parum
1521 3656 1750 3695 intumescet
1782 3659 1829 3696 ad
1860 3661 2018 3696 vertices
2054 3662 2085 3699 C
2114 3669 2152 3697 et
2180 3662 2233 3703 A,

1191 3723 1403 3762 parumque
1431 3709 1469 3746 in
1498 3710 1643 3747 circulo
1666 3711 1700 3748 B
1724 3711 1765 3748 D
1792 3711 2038 3761 deprimetur,
2066 3721 2236 3751 attamen

1193 3771 1346 3814 propter
1375 3764 1579 3800 immensas
1614 3764 1713 3802 Solis
1737 3764 1826 3802 licet
1854 3764 2095 3803 remotissimi
2126 3767 2235 3807 vires,

1191 3815 1327 3870 aliquis
1344 3815 1414 3854 erit
1433 3816 1590 3854 actionis
1608 3816 1739 3856 solaris
1757 3818 1927 3856 effectus.

1121 3890 1193 3927 12
