2528 4172
1202 639 1285 677 DE

702 878 1114 942 CAUSA
1209 877 1783 941 PHYSICA

251 1132 749 1214 FLUXUS
830 1132 985 1211 ET
1064 1129 1738 1211 REFLUXUS
1817 1127 2227 1209 MARIS.

399 1406 436 1444 A
469 1405 586 1443 D.D.
612 1403 1004 1443 MAc-LAURIN
1033 1402 1643 1442 MATHEMATICARUM
1675 1402 2083 1458 PROFESSORE,
2126 1438 2130 1443 .

567 1543 605 1582 E
637 1542 980 1582 SOCIETATE
1013 1541 1359 1582 ACADEMIAE
1390 1540 1907 1587 EDINBURGENsis.

411 1852 716 1920 Opinionum
742 1856 1008 1901 com-menta
1035 1850 1163 1900 delet
1188 1849 1308 1910 dies,
1337 1856 1536 1899 naturae
1559 1848 1767 1916 judicia
1791 1850 2063 1916 confirmat.

1036 2167 1343 2228 SECTIO
1390 2168 1439 2227 Ι.

957 2369 1500 2423 PHAENOMENA.

164 2519 542 2597 PH1L080PH1
578 2548 778 2592 motum
810 2540 967 2593 maris
1005 2540 1259 2609 triplicem
1282 2541 1407 2593 olim
1432 2550 1755 2613 agnoverunt
1771 2542 1818 2605 *ζ
1862 2540 2124 2604 diurnum,
2152 2559 2297 2593 men-

157 2645 357 2685 struum
383 2641 434 2683 et
459 2649 690 2683 annuum
705 2649 719 2693 3
757 2641 904 2683 motu
929 2631 1119 2683 diurno
1142 2651 1284 2684 mare
1320 2632 1399 2684 bis
1427 2632 1643 2704 singulis
1670 2632 1851 2685 diebus
1877 2632 2171 2685 intumescit
2206 2632 2296 2682 de-

153 2720 385 2791 fluitque,
423 2728 689 2771 menstruo
712 2729 869 2771 aestus
894 2719 949 2771 in
975 2720 1193 2790 syzygiis
1231 2720 1562 2772 luminarium
1589 2731 1859 2791 augentur,
1888 2722 1941 2772 in
1970 2720 2295 2791 quadraturis

153 2811 473 2873 minuuntur,
519 2827 692 2861 annuo
736 2807 959 2877 denique
998 2819 1153 2860 aestus
1202 2807 1387 2878 hyeme
1437 2807 1592 2878 quam
1633 2818 1810 2860 aestate
1859 2808 1992 2860 fiunt
2040 2809 2293 2878 majores:

152 2898 333 2952 verum
357 2898 702 2968 phaenomena
725 2894 841 2948 haec
867 2906 989 2949 sunt
1010 2895 1169 2966 paul&
1194 2893 1480 2948 accuratius
1504 2896 1860 2965 proponenda.

225 2991 269 3043 I.
309 2990 493 3042 Motus
530 2988 687 3040 maris
722 2987 945 3039 diurnus
983 2985 1265 3038 absolvitur
1300 2985 1442 3037 horis
1481 2985 1684 3038 circiter
1722 2986 1977 3038 solaribus
2017 2993 2085 3037 24
2123 2986 2294 3038 minu-

152 3081 319 3150 tisque
354 3078 535 3148 primis
573 3085 660 3140 48,
699 3075 968 3127 intervallo
995 3075 1187 3127 scilicet
1221 3074 1468 3144 temporis
1498 3093 1601 3144 quo
1642 3074 1793 3126 Luna
1831 3083 1976 3125 motu
2010 3086 2293 3143 apparente

151 3189 183 3222 a
206 3169 491 3221 meridiano
526 3167 628 3219 loci
666 3167 889 3236 cujusvis
916 3165 1147 3237 digressa
1170 3165 1238 3217 ad
1263 3164 1485 3217 eundem
1517 3165 1805 3217 revertitur.
1886 3164 2034 3217 Hinc
2071 3166 2291 3219 altitudo

151 3257 306 3309 maris
343 3257 570 3308 maxima
594 3255 850 3326 contingit
887 3252 1040 3306 Luna
1068 3253 1358 3323 appellente
1383 3253 1450 3305 ad
1483 3254 1662 3306 datum
1690 3254 1845 3305 situm
1873 3265 2110 3323 respectu
2137 3258 2291 3309 meri-

151 3350 291 3401 diani
325 3349 426 3400 loci
458 3348 596 3409 dati3
634 3346 816 3400 verum
839 3346 971 3398 hora
997 3347 1177 3398 solaris
1216 3348 1268 3398 in
1295 3365 1450 3417 quam
1476 3347 1658 3399 incidit
1682 3357 1838 3398 aestus
1865 3348 2080 3418 singulis
2106 3349 2288 3404 diebus

148 3441 455 3503 retardatur,
499 3439 682 3491 eodem
724 3438 829 3490 fere
872 3438 1141 3490 intervallo
1185 3457 1289 3508 quo
1332 3439 1501 3490 Lunae
1545 3438 1793 3507 appulsus
1832 3438 1898 3490 ad
1940 3440 2290 3494 meridianum

145 3531 262 3582 loci.
338 3532 510 3600 Atque
546 3530 632 3581 hic
667 3541 838 3582 motus
869 3529 1000 3582 ade&
1026 3528 1261 3581 accurate
1298 3529 1363 3580 ad
1394 3540 1593 3581 motum
1632 3530 1801 3582 Lunae
1827 3532 2284 3601 componitur,'ut,

148 3617 435 3671 secundum
478 3619 861 3671 observationes
905 3640 937 3672 a
980 3615 1139 3671 celeb.
1179 3619 1252 3671 D.
1295 3619 1498 3671 Cassini
1535 3620 1729 3683 allataS,
1771 3622 1903 3674 ratio
1940 3624 2008 3676 sit
2045 3625 2287 3677 habenda

146 3708 291 3760 horae
329 3709 384 3760 in
422 3727 577 3779 quam
613 3708 793 3761 incidit
828 3727 950 3761 vera
987 3710 1284 3778 conjunctio
1320 3709 1401 3760 vel
1438 3711 1697 3779 oppositio
1726 3712 1877 3777 Solis,
1918 3724 1970 3766 et
2006 3716 2229 3785 aequatio
2255 3736 2285 3767 a

874 3864 893 3886 ἃ
921 3861 1022 3900 Plin.
1050 3861 1136 3901 Lib.
1164 3861 1224 3900 11.
1253 3863 1346 3913 Cap.
1373 3863 1540 3904 XCIX.

1166 3933 1206 3977 Q
1232 3938 1255 3970 3
