2528 4172
278 282 346 328 54
771 272 1333 327 PHILOSOPHIAE
1372 272 1823 341 NATURALIS
1877 271 1995 335 [DE
2017 270 2218 322 Mum).
2244 270 2397 321 Svsr.

281 435 348 469 ex
372 416 532 469 literis
557 415 681 467 meis
704 416 907 484 plenius
932 416 1186 483 exposuit.
1263 416 1428 467 Simili
1452 425 1596 467 motu
1625 415 1687 484 (¹¹)
1716 414 1937 467 extimus
1966 413 2175 465 Saturni
2200 411 2401 464 satelles

281 508 418 558 circa
454 525 605 558 axem
642 524 791 557 suum
815 505 1009 556 revolvi
1033 505 1250 567 videtur,
1279 505 1459 557 eadem
1484 506 1561 555 sui
1586 504 1713 555 facie
1741 505 2021 557 Saturnum
2048 499 2299 569 perpetuo
2322 518 2404 550 re-

284 598 534 666 spiciens.·
576 595 733 671 ⁴Nam
771 594 965 645 circum
1006 595 1285 645 Saturnum
1321 593 1647 656 revolvendo,
1688 592 1885 661 quoties
1921 591 1987 642 ad
2020 590 2158 641 orbis
2185 588 2263 639 sui
2286 606 2406 655 par-

283 700 389 738 tem
424 685 720 736 orientalem
748 684 960 746 accedit,
989 682 1255 753 aegerrime
1281 683 1498 746 videtur,
1527 693 1577 734 et
1601 683 1905 752 plerumque
1930 681 2093 732 videri
2120 688 2313 730 cessat:
2353 677 2408 727 id

285 774 426 843 quod
451 772 653 824 evenire
677 781 847 840 potest
869 791 962 840 per
987 772 1211 822 maculas
1232 772 1477 840 quasdam
1502 773 1557 822 in
1584 772 1643 822 ea
1663 771 1895 839 corporis
1919 781 2065 838 parte
2091 787 2207 838 quae
2227 767 2409 818 Terrae

285 878 409 914 tunc
442 860 740 922 obvertitur,
779 869 838 911 ut
866 859 1111 911 Cassinus
1135 860 1343 910 notavit.
1422 858 1588 911 Simili
1614 859 1766 910 etiam
1790 868 1934 910 motu
1962 857 2163 909 satelles
2190 840 2410 907 extimus

287 950 497 1003 Jovialis
537 949 674 999 circa
710 966 861 998 axem
899 966 1049 998 suum
1085 948 1277 997 revolvi
1312 946 1530 1010 videtur,
1569 958 1845 1015 propterea
1881 946 2020 1016 quod
2046 947 2099 996 in
2124 957 2270 1013 parte
2297 962 2410 994 cor-

286 1040 426 1109 poris
452 1038 570 1090 Jovi
595 1035 772 1087 aversa
798 1035 1051 1086 maculam
1074 1034 1263 1086 habeat
1287 1054 1404 1106 quae
1428 1045 1670 1105 tanquam
1698 1035 1753 1084 in
1779 1053 1995 1102 corpore
2016 1035 2049 1087 J
2053 1035 2159 1085 ovis
2186 1034 2412 1084 cernitur

287 1130 599 1198 ubicumque
625 1127 825 1179 satelles
850 1126 988 1177 inter
1012 1127 1194 1178 Jovem
1221 1136 1273 1177 et
1296 1125 1471 1177 oculos
1496 1135 1702 1176 nostros
1727 1124 1925 1176 transit.

632 1350 1107 1404 PROPOSITIO
1145 1349 1362 1402 XVIII.
1440 1346 1888 1425 THEOREMA
1927 1345 2083 1398 XVI.

293 1524 428 1575 Aoees
453 1525 774 1591 planetarum
812 1523 1070 1573 diametris
1095 1539 1203 1589 quae
1227 1524 1298 1572 ad
1321 1523 1505 1572 eosdem
1531 1540 1649 1572 aoees
1674 1522 1967 1572 normaliter
1993 1521 2235 1570 ducuntur
2262 1515 2420 1565 mino-

1245 1629 1324 1661 res
1350 1629 1462 1662 esse.

368 1781 421 1850 (¹)
452 1783 684 1834 Planetae
710 1782 910 1834 sublato
936 1783 1078 1833 omni
1102 1792 1247 1835 motu
1274 1783 1509 1834 circulari
1537 1782 1723 1833 diurno
1753 1782 1974 1852 figuram
2005 1776 2326 1847 sphaericam,
2355 1772 2423 1824 ob

296 1871 546 1940 aequalem
571 1871 799 1940 undique
822 1872 1046 1938 partium
1072 1873 1393 1941 gravitatem,
1422 1870 1662 1921 affectare
1688 1869 1948 1921 deberent.
2003 1867 2064 1936 (k)
2096 1866 2198 1917 Per
2222 1873 2425 1915 motum

297 1960 441 2010 illum
480 1960 779 2011 circularem
816 1960 876 2011 fit
911 1969 968 2010 ut
1003 1970 1174 2028 partes
1202 1961 1266 2012 ab
1294 1980 1390 2011 axe
1416 1960 1712 2011 recedentes
1731 1961 1883 2028 juxta
1908 1968 2223 2028 aequatorem
2248 1973 2426 2007 ascen-

299 2048 421 2099 dere
457 2058 721 2099 conentur.
796 2047 1026 2117 Ideoque
1050 2049 1266 2100 materia
1291 2049 1333 2100 si
1357 2048 1517 2101 fluida
1541 2049 1621 2110 sit,
1662 2067 1877 2100 ascensu
1903 2065 1996 2098 suo
2021 2046 2088 2097 ad
2113 2054 2427 2114 aequatorem

303 2232 329 2251 “
346 2234 432 2276 post
451 2226 764 2278 conjunctionem
782 2227 873 2266 inde
900 2228 1105 2277 procedere
1123 2228 1171 2265 ad
1191 2228 1339 2266 nodum

303 2286 327 2304 ‘⁸
345 2281 623 2324 ascendentem,
664 2288 748 2318 tum
788 2283 952 2319 maculae
994 2283 1205 2330 superiores
1236 2282 1340 2330 apud

303 2339 329 2357 ‘⁶
349 2333 481 2380 polum
501 2336 662 2371 boreum
681 2334 774 2380 sitae,
803 2335 988 2383 paulatim
1007 2348 1101 2371 cum
1119 2347 1190 2371 suo
1209 2335 1298 2382 polo
1316 2348 1340 2372 a

303 2392 328 2408 “
349 2387 435 2424 luce
470 2387 510 2422 in
543 2388 717 2424 tenebras
747 2388 976 2433 concedunt,
1011 2388 1104 2425 dum
1144 2388 1340 2425 inferiores

1393 2228 1498 2266 verti.
1559 2228 1671 2267 Idem
1698 2240 1852 2278 quoque
1879 2227 1992 2264 simili
2012 2231 2240 2276 argumento
2263 2229 2368 2273 patet
2387 2222 2431 2261 in

1393 2282 1536 2320 extimo
1554 2282 1582 2320 J
1583 2282 1663 2319 ovis
1677 2281 1848 2322 satellite,
1870 2281 1943 2317 nisi
1958 2280 2106 2317 dicatur
2124 2278 2209 2315 illas
2222 2276 2431 2314 satellitum

1392 2328 1563 2372 maculas
1581 2334 1790 2384 fuliginum
1810 2333 1929 2370 instar
1946 2330 2063 2370 mod&
2081 2331 2197 2376 nasci,
2217 2328 2334 2367 modo
2353 2328 2431 2366 dis-

1394 2387 1531 2435 sipari;
1576 2388 1643 2424 sed
1674 2386 1740 2424 ubi
1771 2385 2002 2435 apparentiae
2034 2384 2173 2434 aliquae
2205 2395 2251 2419 ex
2285 2381 2432 2430 duplici
2498 2395 2500 2397 ’

252 2443 259 2450 ”
303 2444 329 2463 “
348 2439 510 2476 maculae
538 2452 628 2476 cum
656 2440 746 2487 polo
772 2441 928 2477 australi
956 2454 1004 2478 ex
1034 2441 1200 2477 tenebris
1218 2442 1259 2477 in
1279 2441 1340 2479 lu-

304 2497 329 2516 “
349 2504 433 2529 cem
460 2500 681 2540 prorepunt.
745 2493 991 2530 Contrarium
1019 2493 1145 2530 evenit
1172 2493 1342 2530 semestri

306 2550 331 2568 “
351 2553 449 2592 post,
480 2543 571 2582 cum
603 2545 669 2581 Sol
695 2546 850 2583 accessit
874 2545 923 2583 ad
945 2546 1107 2583 limitem
1128 2546 1255 2583 Lunae
1273 2548 1341 2584 bo-

306 2603 330 2622 “
350 2597 504 2635 reum.’'
563 2598 767 2635 Hactenus
784 2599 839 2638 N.
861 2600 1076 2636 Mercator:
1110 2599 1175 2636 sed
1195 2599 1343 2647 plenior

236 2656 241 2657 ⁷
304 2650 553 2688 librationum
579 2650 774 2688 lunarium
801 2652 986 2701 expositio
1007 2653 1168 2689 habetur
1185 2652 1226 2689 in
1248 2652 1343 2689 Ele-

303 2704 444 2740 mentis
484 2704 762 2741 Astronomicis
793 2705 932 2742 clariss.
969 2704 1130 2751 cassini,
1174 2704 1241 2742 ubi
1283 2705 1340 2741 vir

305 2757 457 2794 doctiss.
480 2757 601 2794 varias
619 2758 801 2794 harumce
828 2757 1077 2795 librationum
1104 2759 1342 2807 apparentias

305 2811 478 2858 respectu
506 2809 671 2847 fixarum
697 2818 736 2847 et
766 2810 863 2848 Solis
891 2811 1130 2856 determinat,
1158 2811 1344 2861 docetque

305 2862 532 2900 methodum
545 2862 625 2913 qua
638 2863 687 2901 ad
702 2863 900 2913 quodlibet
913 2872 1067 2912 tempus
1080 2864 1213 2902 datum
1231 2864 1347 2913 possit

309 2915 460 2953 definiri
479 2928 665 2963 apparens
683 2916 922 2955 macularum
941 2916 1138 2955 lunarium
1157 2917 1264 2954 situs.

362 2968 421 3019 (¹¹)
446 2972 467 2993 ’¹‘
489 2971 671 3008 Extimus
691 2973 853 3009 Saturni
871 2972 1029 3013 satelles,
1056 2971 1168 3009 tertio
1187 2970 1348 3008 satellite

308 3020 409 3070 saepe
437 3022 560 3072 majcr
583 3029 749 3071 apparet,
779 3032 985 3073 posteaque
1003 3023 1183 3061 decrescit
1201 3037 1245 3061 ac
1263 3031 1347 3061 tan-

308 3074 395 3111 dem
419 3074 534 3125 juxta
558 3075 761 3123 periodum
779 3076 952 3114 nondum
978 3078 1094 3124 probe
1112 3084 1242 3114 notam
1261 3089 1348 3114 eva-

309 3127 454 3174 nescit;
497 3128 537 3165 id
568 3135 698 3166 tamen
729 3136 774 3167 ut
800 3129 1012 3178 plurimum
1040 3129 1226 3180 contingit
1251 3129 1345 3166 dum

310 3181 461 3218 satelles
487 3180 530 3217 in
555 3182 689 3219 orbitae
716 3195 796 3219 suae
825 3182 1002 3221 orientali
1034 3191 1141 3230 parte
1172 3189 1347 3231 respectu

314 3233 470 3270 Saturni
496 3242 678 3281 versatur,
707 3234 840 3273 rursus
867 3234 1005 3273 deinde
1031 3235 1073 3272 in
1099 3243 1349 3285 conspectum

310 3285 419 3322 redit.
494 3288 621 3325 Causa
654 3289 738 3326 haec
770 3301 850 3326 esse
880 3288 1042 3334 videtur,
1073 3288 1175 3338 quod
1207 3288 1350 3326 scilicet.

310 3338 568 3386 hemisphaerii
595 3341 766 3379 satellitis
791 3354 878 3391 pars
900 3354 987 3393 quae
1011 3341 1061 3379 ad
1083 3353 1154 3378 nos
1171 3353 1350 3379 conversa

312 3398 380 3436 est,
394 3392 556 3429 maculis
570 3395 767 3433 obscurata
780 3406 859 3443 prae
877 3394 1035 3433 luminis
1048 3395 1231 3432 tenuitate
1245 3392 1350 3432 cerni

312 3455 392 3480 non
410 3444 540 3492 possit,
560 3446 776 3485 revolvente
791 3455 919 3486 autem
937 3445 1036 3485 circa
1049 3459 1159 3484 axem
1174 3447 1346 3492 satellite,

314 3496 365 3533 ad
389 3497 698 3545 hemisphaerium
723 3501 940 3548 oppositum
958 3508 1157 3538 transeunt
1173 3499 1347 3545 maculae,

314 3550 531 3599 iterumque
560 3550 709 3589 satelles
735 3553 779 3590 fit
802 3554 1045 3602 conspicuus.
1103 3552 1282 3604 Cumque
1309 3552 1350 3589 in

316 3601 363 3638 ea
381 3603 480 3639 orbis
497 3602 557 3639 sui
576 3613 682 3651 parte
699 3617 785 3654 quae
803 3607 987 3644 orientem
1003 3613 1157 3655 spectat,
1173 3607 1349 3644 obscura-

316 3662 380 3691 tus
409 3655 559 3691 satelles
593 3668 743 3705 semper
772 3660 1002 3705 observetur,
1039 3659 1082 3696 in
1116 3657 1237 3697 altera
1264 3655 1354 3695 vero

318 3715 425 3756 parte
443 3720 654 3757 nunquam,
676 3709 784 3748 valde
804 3712 998 3759 probabile
1016 3719 1074 3750 est
1090 3712 1253 3750 eandem
1277 3712 1352 3748 hu-

312 3761 379 3810 jus
397 3760 569 3799 satellitis
588 3761 723 3800 faciem
742 3763 906 3812 platetae
923 3764 1105 3815 primario
1121 3777 1271 3815 semper
1287 3765 1355 3803 ob-

1395 2439 1512 2478 causa
1538 2447 1667 2477 ortum
1694 2440 1832 2477 habere
1849 2444 2020 2487 possunt,
2047 2434 2324 2485 anteponendae
2342 2440 2434 2471 sunt

1396 2492 1666 2540 explicationes
1701 2505 1789 2542 quae
1832 2504 1856 2528 a
1889 2499 2000 2529 motu
2035 2489 2148 2527 locali
2190 2494 2429 2537 repetuntur.

1399 2546 1511 2586 Alios
1541 2545 1695 2583 Saturni
1720 2544 1904 2594 Jovisque
1932 2542 2123 2588 satellites,
2150 2542 2277 2579 Lunae
2300 2541 2431 2585 instar,

1395 2599 1559 2648 planetis
1585 2598 1773 2647 primariis
1787 2596 2013 2634 invariatam
2032 2595 2276 2632 manifestare
2293 2592 2433 2629 faciem

1396 2664 1444 2689 ex
1468 2652 1654 2702 analogiae
1680 2651 1765 2700 lege
1793 2650 1982 2700 colligunt
2007 2648 2133 2686 multi.
2196 2648 2298 2684 Rem
2325 2645 2435 2682 aliter

1395 2718 1434 2742 se
1460 2706 1597 2742 habere
1624 2710 1752 2741 censet
1780 2703 1918 2741 clariss.
1946 2701 2090 2739 Daniel
2117 2698 2367 2740 Bernoullius
2393 2697 2433 2733 in

1400 2757 1742 2808 Disquisitionibus
1760 2753 2225 2806 Physico-Astronomicis
2242 2764 2302 2789 an.
2323 2755 2446 2789 1734..

1399 2813 1447 2849 ab
1465 2809 1677 2848 Academia
1701 2808 1828 2859 Regis
1845 2808 2099 2846 Scientiarum
2116 2805 2275 2857 praemio
2292 2803 2434 2842 conde-

1401 2865 1547 2902 coratis.
1609 2863 1696 2900 Has
1714 2862 1891 2901 consulat
1908 2862 2038 2900 lector.

1457 2917 1506 2969 (ἰ)
1543 2919 1564 2941 *
1598 2919 1770 2956 Planetae
1800 2919 1945 2955 sublato
1972 2917 2080 2953 omni
2106 2921 2211 2953 motu
2238 2910 2429 2950 circulari.

1405 2970 1520 3008 Patet
1539 2971 1625 3020 (per
1642 2978 1721 3008 not.
1742 2971 1827 3008 172.
1853 2969 1941 3007 Lib.
1967 2966 2065 3016 ΙΙ.).
2127 2966 2167 3003 Si
2193 2965 2436 3013 planetarum

1402 3023 1559 3062 materia
1573 3030 1736 3071 ponatur
1749 3021 1879 3067 fluida,
1896 3021 2026 3071 visque
2039 3018 2234 3070 gravitatis
2247 3016 2296 3054 ad
2310 3028 2436 3053 unum

1402 3084 1576 3114 centrum
1595 3075 1792 3126 dirigatur.

1456 3128 1515 3180 (¹1)
1534 3131 1555 3153 ¹*
1571 3131 1648 3167 Per
1667 3135 1811 3166 motum
1830 3129 1940 3165 illum
1958 3127 2195 3165 circularem.
2240 3121 2436 3167 Quoniam

1400 3182 1564 3230 planetae
1590 3179 1691 3218 circa
1716 3192 1826 3218 axem
1846 3191 1960 3216 suum
1979 3178 2236 3219 revolvuntur,
2264 3175 2437 3224 planeta-

1401 3247 1489 3272 rum
1515 3241 1639 3282 partes
1665 3247 1689 3271 a
1715 3233 1854 3271 centris
1881 3231 2111 3269 circulorum
2136 3230 2176 3267 in
2195 3228 2336 3280 quibus
2352 3239 2437 3263 mo-

1402 3293 1550 3332 ventur,
1578 3285 1754 3324 recedere
1780 3291 1980 3330 conantur,
2012 3281 2135 3334 eoque
2156 3283 2279 3332 major
2303 3286 2358 3317 est
2382 3279 2438 3315 vis

1402 3340 1469 3378 illa
1486 3338 1701 3389 centrifuga
1718 3336 1796 3388 qut}
1813 3338 1974 3388 majores
1992 3345 2082 3374 sunt
2100 3335 2328 3373 circulorum
2343 3344 2438 3381 quas

1403 3392 1622 3432 describunt
1647 3390 1870 3440 peripheriae
1899 3390 2010 3442 (Cor.
2033 3395 2068 3428 3.
2100 3389 2215 3436 Prop.
2241 3386 2317 3425 IV.
2345 3385 2434 3422 Lib.

1405 3446 1477 3495 L).
1539 3445 1613 3482 Sed
1632 3452 1800 3495 aequator
1817 3450 1874 3481 est
1891 3442 2057 3481 circulus
2073 3441 2277 3484 maximus,
2306 3435 2440 3476 circuli

1404 3506 1534 3536 autem
1560 3496 1693 3535 versus
1719 3496 1827 3545 polos
1853 3493 2037 3534 continuo
2056 3495 2291 3537 decrescunt,
2319 3487 2437 3540 quare

1404 3551 1644 3600 planetarum
1679 3557 1805 3599 partes
1843 3548 1966 3598 magis
2000 3561 2024 3585 a
2068 3556 2198 3585 centro
2238 3541 2438 3594 aequatoris

1404 3602 1521 3654 quam
1545 3615 1568 3641 a
1595 3603 1732 3640 centris
1757 3602 2025 3651 parallelorum
2044 3599 2217 3638 recedere
2236 3602 2435 3637 conantur,

1405 3654 1570 3707 ideoque
1584 3655 1614 3692 si
1633 3654 1751 3692 fluida
1769 3655 1818 3692 sit
1835 3655 2073 3704 planetarum
2091 3650 2259 3694 materia,
2278 3658 2438 3686 ascensu

1406 3722 1477 3747 suo
1506 3709 1554 3747 ad
1586 3715 1818 3758 aequatorem
1849 3708 2054 3745 diametros
2081 3702 2297 3753 adaugebit,
2327 3710 2439 3738 axem

1407 3760 1497 3801 vero
1516 3761 1700 3800 descensu
1719 3772 1790 3800 suo
1807 3761 1857 3800 ad
1875 3760 1982 3811 polos
1999 3758 2200 3798 diminuet.
