2528 4172
325 320 391 365 48
813 311 1377 365 PHILOSOPHIAE
1416 312 1866 368 NATURALIS
1922 315 2039 380 [DE
2068 316 2270 370 Mum).
2291 317 2448 371 SYs‘r.

2199 469 2447 530 Quinimo

322 557 444 607 fixae
487 557 541 607 in
585 574 761 607 omnes
802 557 919 607 coeli
954 566 1126 626 partes
1164 557 1430 627 aequaliter
1467 558 1713 627 dispersae
1753 559 2019 611 contrariis
2059 559 2447 611 attractionibus

320 645 453 696 vires
479 655 682 697 mutuas
707 646 994 710 destruunt,
1021 666 1115 716 per
1144 647 1302 717 Prop.
1330 647 1515 700 LXX.
1545 649 1662 701 Lib.
1691 649 1734 701 I.

323 465 492 516 nullos
529 465 683 517 edent
720 463 984 516 sensibiles
1023 465 1231 517 effectus
1274 466 1328 516 in
1364 467 1574 536 regione
1618 469 1903 538 systematis
1943 469 2121 520 nostri.

1252 859 1509 912 Scholium.

391 996 527 1050 Cum
551 998 771 1068 planetae
795 999 902 1052 Soli
920 1001 1187 1069 propiores
1210 1004 1419 1070 (nempe
1436 1000 1748 1064 MercuriuS,
1772 1001 1965 1064 Venus,
1987 1000 2169 1063 Terra,
2193 1008 2244 1051 et
2271 999 2440 1066 Mars)

314 1087 383 1138 ob
423 1105 704 1156 corporum
734 1088 1037 1157 parvitatem
1074 1107 1259 1157 parum
1297 1099 1453 1160 agant
1490 1090 1543 1139 in
1577 1108 1631 1140 se
1665 1089 1911 1151 invicem3
1948 1089 2137 1140 horum
2163 1088 2367 1158 aphelia
2393 1099 2442 1140 et

313 1177 436 1228 nodi
462 1178 739 1247 quiescent,
766 1179 865 1230 nisi
890 1178 1140 1249 quatenus
1166 1199 1197 1230 a
1220 1179 1411 1231 viribus
1437 1180 1471 1231 J
1473 1179 1596 1242 ovis,
1629 1180 1837 1232 Saturni
1864 1191 1916 1232 et
1941 1199 2216 1249 corporum
2244 1181 2441 1249 superi-

311 1284 461 1317 orum
486 1267 773 1318 turbentur.
851 1268 914 1336 (⁸)
945 1267 1015 1319 Et
1039 1268 1159 1319 inde
1185 1268 1357 1340 colligi
1389 1277 1559 1337 potest
1582 1287 1677 1337 per
1702 1269 1954 1320 theoriam
1978 1270 2273 1346 gravitatis„
2301 1269 2441 1339 quod

311 1418 373 1456 11.
396 1417 512 1456 aliam
541 1418 770 1470 excogitavit
797 1419 1025 1458 methodum
1056 1417 1134 1469 qua
1155 1420 1342 1457 rationem
1396 1420 1589 1468 planetam
1607 1420 1774 1470 aliquem
1793 1420 2041 1468 superiorem,
2069 1427 2164 1469 puta
2188 1420 2340 1466 Jovem,
2370 1434 2438 1459 cu-

307 1471 498 1509 distantiae
515 1472 679 1509 fixarum
698 1473 748 1510 ad
766 1472 984 1510 distantiam
1008 1474 1105 1510 Solis
1124 1474 1343 1524 conjectan-

307 1524 426 1562 tando
462 1525 717 1576 investigaret.
796 1527 989 1574 Supponit
1016 1527 1145 1576 itaque
1185 1527 1340 1573 Sirium,

303 1580 394 1627 ¹quae
413 1578 522 1616 stella
539 1588 596 1617 est
614 1580 713 1616 inter
730 1578 822 1616 alias
848 1579 1141 1629 fulgentissima,
1173 1579 1252 1617 Soli
1270 1580 1343 1617 cir-

305 1631 400 1668 citer
418 1633 605 1681 aequalem
625 1645 716 1669 esse.
761 1631 916 1669 Deinde
931 1632 1090 1670 tentavit
1104 1632 1181 1683 qua
1198 1632 1345 1669 ratione

309 1683 409 1722 Solis
420 1681 650 1723 diametrum
665 1684 718 1722 ita
729 1685 957 1723 imminuere
970 1693 1097 1735 posset
1110 1694 1155 1723 ut
1168 1698 1247 1723 non
1262 1699 1344 1722 ma-

298 1737 362 1787 jor
389 1746 458 1777 aut
489 1737 723 1787 splendidior
757 1738 855 1776 Sirio
887 1746 1094 1787 appareret.
1157 1738 1276 1783 Quod
1300 1747 1346 1776 ut

303 1801 578 1841 assequeretur,
605 1792 689 1829 tubi
708 1791 819 1828 vacui
841 1791 1046 1829 duodecim
1064 1791 1212 1829 circiter
1230 1791 1345 1839 pedes

302 1842 411 1893 longi
428 1852 646 1894 aperturam
664 1844 823 1882 alteram
841 1844 1002 1883 occlusit
1025 1844 1181 1884 lamella
1199 1845 1343 1883 tenuis.

301 1895 401 1934 sima
421 1898 463 1935 in
491 1899 603 1949 cujus
626 1897 755 1935 medio
785 1905 867 1935 tam

301 1949 490 2000 exiguum
515 1955 595 1989 erat
620 1951 794 1989 foramen
822 1957 867 1988 ut

300 2001 415 2040 lineae
429 2011 576 2052 partem
596 2004 865 2041 duodecimam

299 2067 380 2093 non
416 2057 615 2095 excederet
626 2071 637 2103 3
676 2057 866 2106 oculoque

299 2108 408 2147 alteri
426 2119 615 2159 aperturae
633 2109 799 2153 admoto,
820 2123 865 2147 ea
940 2110 968 2164 S

299 2162 494 2201 videretur
532 2164 635 2201 Solis
679 2162 866 2211 particula

299 2215 411 2266 cujus
429 2215 614 2254 diameter
628 2222 709 2253 erat
720 2214 770 2252 ad
784 2215 865 2253 dia-

297 2277 466 2307 metrum
509 2270 630 2307 totius
667 2276 712 2305 ut
758 2272 774 2305 1
817 2268 865 2306 ad

298 2326 314 2359 1
326 2326 387 2359 82.
451 2321 553 2360 Cum
573 2320 661 2361 ver&
679 2321 866 2371 particula

1021 1980 1072 2029 E

1001 2304 1039 2344 Ε

298 2374 364 2413 illa
380 2375 479 2413 Sirio
489 2376 725 2426 splendidior
738 2376 866 2413 adhuc

297 2438 506 2477 appareret,
550 2429 738 2466 foramine
781 2428 866 2479 glo-
1077 2472 1086 2480 ι
1193 2470 1201 2477 ‚
1327 2468 1338 2476 ,

296 2482 434 2519 bulum
459 2482 624 2520 vitreum
645 2481 817 2532 ejusdem
843 2490 935 2518 cum
951 2473 1139 2531 foramln?
1163 2469 1338 2507 d¹amem

297 2534 446 2584 objecit,
480 2535 642 2585 talisque
673 2534 747 2571 foci
780 2533 985 2584 globulum
1020 2526 1155 2586 seleglt
1189 2530 1235 2560 ut
1270 2522 1339 2559 lux

300 2587 399 2626 Solis
418 2587 467 2625 ad
485 2587 642 2626 oculum
662 2587 882 2624 transmissa
900 2595 977 2621 non
997 2590 1118 2638 major
1131 2583 1199 2614 aut
1212 2574 1339 2635 splen-

297 2640 423 2678 didior
440 2640 633 2678 videretur
651 2639 697 2678 ea
723 2652 840 2689 quam
860 2651 883 2676 a
906 2636 1005 2674 Sirio
1023 2641 1199 2668 emlssam
1220 2626 1336 2665 nudls

296 2693 419 2732 oculis
450 2694 659 2731 iutuemur.
721 2694 815 2738 Quo
846 2691 960 2734 facto,
993 2686 1110 2736 hujus
1140 2680 1338 2732 particulae

1088 2742 1102 2773 l
1194 2766 1339 2804 diame-

301 2780 399 2819 Solis
426 2779 656 2818 diametrum
684 2777 831 2816 invenit
857 2783 1004 2826 partem
1033 2807 1163 2842 27664

296 2867 344 2904 tri
374 2867 503 2905 totius.
566 2864 699 2911 Quare
730 2863 796 2902 Sol
825 2863 943 2900 instar
965 2858 1053 2898 Sirii
1077 2859 1286 2915 appareret,
1307 2851 1339 2888 si

296 2920 502 2970 conspicua
528 2920 626 2958 foret
649 2931 735 2968 pars
755 2915 931 2956 diametri
950 2913 1070 2951 totius
1096 2910 1228 2948 solaris
1251 2913 1338 2943 tan-

527 3034 539 3053 ,
558 3002 737 3045 distantia
754 3010 885 3042 autern
908 2998 1007 3038 Solis
1020 3011 1043 3036 a
1058 2992 1190 3048 Terra,
1205 2994 1246 3031 in
1260 2990 1339 3042 qua

296 3006 382 3044 tum

296 3044 705 3137 tantilllili‘sffissideretur,
738 3089 837 3127 foret
865 3085 915 3125 ad
941 3082 1163 3123 distantiam
1189 3079 1231 3116 in
1258 3075 1337 3127 qua

296 3144 379 3194 ejus
397 3147 628 3185 diametrum
652 3150 898 3193 apparentem
926 3138 1125 3175 intuemur
1142 3140 1187 3170 ut
1207 3134 1337 3191 276·64

296 3198 346 3235 ad
369 3203 401 3243 l,
427 3199 624 3250 divisaque
641 3202 848 3247 apparente
869 3191 967 3231 Solis
986 3189 1171 3253 diametro
1188 3184 1337 3246 rnedio-

296 3251 350 3290 cri
380 3265 447 3300 per
479 3258 620 3298 27664‚
650 3252 748 3289 foret
774 3248 959 3286 diameter
981 3242 1078 3280 Solis
1098 3239 1141 3278 4''
1171 3243 1331 3297 circiter.

303 3304 409 3342 Hinc
438 3306 525 3344 Sirii
552 3317 706 3356 quoque
730 3300 909 3341 distantia
926 3310 950 3335 a
969 3292 1091 3334 Terra
1108 3299 1164 3331 est
1182 3290 1232 3351 ad
1258 3289 1336 3327 dis-

297 3359 457 3395 tantiam
476 3359 574 3397 Solis
591 3361 639 3396 ab
657 3356 793 3395 eadem
811 3361 857 3392 ut
876 3353 1015 3409 27664·
1023 3347 1073 3386 ad
1095 3351 1174 3408 loet
1191 3343 1336 3403 dianie-

297 3417 355 3447 ter
385 3424 570 3460 apparens
605 3411 692 3449 sitii
720 3408 788 3447 4¹¹st
858 3406 951 3447 Jam
977 3401 1157 3467 distantia
1188 3395 1286 3464 Solis
1314 3408 1338 3433 a

301 3462 432 3508 Terra,
464 3465 495 3501 si
527 3463 731 3513 parallaxis
763 3459 860 3500 Solis
888 3463 1052 3515 ponatur
1081 3457 1128 3490 io
1172 3455 1224 3511 ξξΟ
1281 3454 1338 3508 est

297 3516 377 3555 fere
397 3522 528 3555 20000
546 3517 681 3554 semid.
698 3513 944 3556 terrestrium,
965 3516 1037 3546 erit
1054 3517 1145 3566 ergo
1159 3503 1340 3566 distantia

301 3570 388 3608 sirii
419 3573 656 3609 553280000
685 3567 820 3607 semid.
848 3570 1014 3604 terrestr.
1085 3560 1124 3597 Si
1146 3569 1235 3594 vero
1259 3553 1336 3615 dis-

297 3624 457 3662 tantiam
503 3617 671 3661 mediam
718 3619 874 3659 Saturni
915 3630 939 3655 a
985 3611 1111 3673 Terra·
1139 3614 1337 3670 'constitu-

298 3689 410 3715 amus
450 3680 604 3716 190800
635 3673 768 3712 semid.
805 3677 968 3710 terrestr.
1003 3665 1131 3718 prodit
1161 3662 1339 3721 distantia

299 3730 399 3767 inter
435 3731 645 3767 Saturnum
675 3735 714 3766 et
748 3724 891 3763 Sirium
927 3723 1164 3762 553089200
1199 3712 1332 3753 semid-

298 3791 462 3821 terrestr-

356 3863 411 3914 (Ὃ
434 3866 497 3901 74-
522 3865 541 3885 *
565 3863 621 3900 Et
647 3857 733 3898 ind&
762 3857 880 3906 colligi
900 3861 1033 3907 potest.
1095 3848 1285 3900 Designet
1311 3844 1339 3883 S

1268 2118 1362 2138 ······

1106 2133 1260 2162 ..........

1061 2158 1085 2178 i:
1090 2157 1364 2179 .................

1391 1473 1457 1524 jus
1475 1474 1595 1511 orbita
1625 1474 1660 1511 E
1686 1476 1711 1511 S
1733 1474 1797 1519 E;
1826 1474 1873 1512 sit
1903 1475 1938 1512 T
1970 1475 2046 1519 Sol,
2079 1474 2113 1511 P
2132 1474 2286 1522 planeta
2304 1475 2440 1525 aliquis

1398 1526 1578 1574 inferior3
1607 1534 1850 1577 ponaturque
1868 1539 2072 1576 corporum
2096 1527 2135 1572 S,
2160 1527 2205 1571 P,
2226 1527 2439 1565 aliorumve

1397 1580 1568 1628 plurium
1587 1587 1751 1629 systema
1768 1580 1910 1617 revolvi
1929 1579 2029 1618 circa
2047 1592 2185 1627 corpus
2215 1581 2251 1619 T
2279 1593 2439 1617 manen-

1397 1633 1499 1670 tibus
1517 1633 1669 1670 orbium
1699 1632 1735 1669 E
1759 1633 1785 1670 S
1806 1633 1843 1669 E
1872 1640 1911 1670 et
1941 1633 1976 1670 P
2000 1635 2036 1670 A
2061 1632 2096 1669 B
2122 1631 2259 1678 forma,
2281 1645 2438 1681 propor-

1397 1685 1564 1723 tionibus
1596 1693 1634 1722 et
1664 1684 1912 1723 inclinatione
1944 1685 1994 1723 ad
2022 1685 2199 1731 invicem,
2238 1693 2440 1723 mutentur

1399 1738 1489 1776 vero
1512 1746 1723 1787 utcumque
1745 1738 2044 1788 magnitudines,
2072 1746 2110 1775 et
2134 1751 2202 1786 per
2232 1738 2439 1776 Theoriam

1397 1792 1593 1841 gravitatis
1637 1790 1831 1840 colligitur
1883 1792 1993 1843 (Cor.
2033 1793 2092 1830 15.
2134 1799 2172 1828 et
2217 1795 2276 1828 16.
2321 1791 2438 1840 Prop.

1399 1844 1562 1883 LXVL
1586 1850 1625 1882 et
1643 1852 1723 1883 not.
1745 1844 1787 1881 in
1806 1843 1937 1882 eadem
1962 1844 2190 1894 Corollaria)
2207 1856 2352 1882 errores
2369 1856 2439 1882 an-

1989 2132 1999 2143 1

1369 2167 1858 2234 ........-........mm-..K
1865 2168 1946 2176 ......
1951 2153 2054 2244 ,ΝΊζζὲῗῖ
2057 2165 2180 2176 ........
2202 2169 2247 2229 B
2256 2167 2343 2176 ......
2349 2158 2415 2231 M

1393 2467 1546 2518 gulares
1563 2452 1731 2514 corporis
1749 2464 1782 2501 P
1800 2462 1841 2499 in
1860 2458 1994 2512 quavis
2011 2458 2249 2497 revolutione
2267 2457 2430 2509 genitos,

1393 2519 1556 2569 ideoque
1574 2527 1611 2556 et
1630 2525 1758 2554 motus
1776 2514 1916 2563 aphelii
1942 2514 1984 2550 in
2010 2512 2178 2563 qualibet
2196 2511 2433 2549 revolutione

1394 2572 1560 2620 corporis
1582 2572 1616 2609 P
1634 2583 1714 2608 esse
1730 2577 1775 2607 ut
1792 2567 2023 2619 quadratum
2047 2565 2227 2613 temporis
2252 2563 2433 2612 periodici

1389 2625 1507 2676 quam
1527 2622 1712 2673 proxime.
1775 2622 1815 2659 Si
1843 2622 1972 2670 itaque
2000 2628 2254 2656 numerentur
2284 2616 2341 2653 illi
2372 2628 2429 2653 er-

1391 2691 1506 2723 rores,
1532 2679 1574 2714 in
1597 2676 1710 2715 variis
1733 2673 1896 2724 planetis
1918 2673 1953 2710 P
1972 2671 2133 2710 durante
2153 2670 2287 2708 eodem
2306 2669 2431 2706 deter-

1393 2732 1540 2768 minato
1575 2738 1755 2777 tempore.
1793 2739 1860 2775 per
1892 2733 2049 2763 centum
2080 2737 2115 2760 v.
2139 2736 2195 2774 gr.
2219 2734 2351 2767 annos,
2385 2728 2431 2759 ut

1392 2786 1456 2822 hic
1487 2783 1646 2821 assumit
1676 2782 1900 2824 Newtonus‚
1931 2790 2074 2816 errores
2101 2775 2240 2826 integri
2266 2787 2313 2812 eo
2333 2781 2429 2811 tem·

1392 2850 1484 2886 pore
1511 2835 1687 2883 descripti
1715 2841 1829 2871 erunt
1857 2840 1903 2870 ut
1930 2842 2075 2868 errores
2099 2827 2254 2878 singula
2278 2826 2428 2865 revolu-

1392 2892 1498 2929 tione
1516 2888 1707 2927 commissi
1734 2895 1772 2924 et
1791 2894 1835 2923 ut
1853 2896 2038 2922 uumerus
2055 2881 2337 2920 revolutionum
2358 2892 2428 2915 sae-

1391 2944 1482 2981 culo
1498 2943 1649 2991 integro
1668 2946 1918 2989 peractarum,
1937 2937 2003 2975 ille
2021 2947 2205 2972 numerus
2223 2927 2429 2969 revolutio-

1392 3009 1487 3033 num
1507 3003 1564 3033 est
1581 2992 1728 3031 inverse
1740 3000 1785 3030 ut
1798 2999 1950 3038 tempus
1968 2986 2217 3038 periodicum,
2234 2993 2272 3022 et
2286 2997 2429 3021 errores

1394 3049 1479 3100 (qui
1506 3055 1607 3091 sunt,
1637 3054 1683 3084 ut
1708 3045 1855 3082 dictum
1879 3050 1947 3088 est,
1977 3038 2118 3079 directe
2136 3045 2180 3076 ut
2197 3037 2427 3087 quadratum

1389 3101 1571 3150 temporis
1596 3097 1796 3147 periodici)
1826 3108 1917 3146 ergo
1937 3105 2079 3132 errores
2096 3091 2332 3140 apheliorum
2353 3089 2426 3127 du-

1390 3155 1562 3192 rantibus
1587 3160 1743 3189 centum
1771 3148 1881 3187 annis
1905 3155 2017 3185 erunt
2035 3146 2076 3182 in
2095 3143 2256 3191 simplici
2279 3151 2426 3197 tempo-

1391 3219 1479 3244 rum
1506 3204 1786 3254 periodicorum
1805 3201 1963 3237 ratione.
2023 3196 2098 3237 Sed
2113 3204 2284 3244 tempora
2302 3195 2426 3244 perio-

1390 3259 1475 3297 dica
1501 3258 1740 3307 planetarum
1763 3255 1797 3292 P
1816 3260 1907 3290 sunt
1929 3253 1969 3290 in
1988 3252 2135 3289 ratione
2161 3245 2425 3299 sesquiplicata

1390 3312 1655 3351 distantiarum
1675 3322 1697 3347 a
1715 3315 1844 3346 centro
1866 3306 1902 3343 T
1928 3308 2013 3357 (per
2034 3305 2166 3342 Phaen.
2191 3303 2264 3351 4.).
2327 3301 2426 3364 Surit

1391 3362 1483 3415 erg&
1529 3374 1671 3402 errores
1711 3360 1952 3410 planetarum
1997 3356 2221 3395 inferiorum
2265 3355 2307 3391 in
2350 3353 2425 3390 hac

1390 3418 1537 3456 ratione
1589 3410 1854 3463 sesquiplicata
1906 3410 2173 3449 distantiarum
2225 3421 2249 3445 a
2294 3413 2424 3465 centro

1395 3469 1505 3510 Solis.
1584 3469 1715 3512 Quare
1752 3466 1783 3503 si
1819 3472 1985 3513 ponatur
2030 3475 2120 3500 eum
2165 3473 2244 3498 esse
2283 3458 2424 3508 aphelii

1394 3522 1534 3562 Martis
1560 3530 1804 3570 progressum
1836 3525 1880 3555 ut
1911 3517 1953 3553 in
1993 3516 2105 3553 annis
2136 3522 2292 3551 centum
2331 3522 2423 3547 con·

1391 3576 1492 3616 ficiat
1528 3574 1589 3612 35¹
1631 3572 1701 3611 20⁰
1736 3572 1778 3608 in
1814 3569 2085 3619 consequentia
2120 3572 2293 3614 respectu
2329 3562 2423 3599 fixa·
2461 3603 2465 3609 ι

1391 3642 1491 3675 rum,
1526 3626 1742 3664 invenietur
1771 3631 1900 3661 motus
1928 3621 2069 3670 aphelii
2098 3619 2260 3657 aliorum
2289 3615 2420 3664 plane-

1391 3690 1517 3720 tarum
1535 3679 1659 3729 qualis
1685 3690 1709 3715 a
1735 3677 1929 3715 Newtono
1947 3674 2140 3724 definitur,
2166 3669 2347 3708 dicendo:
2380 3673 2425 3727 ut

1390 3734 1499 3773 radix
1527 3731 1711 3782 quadrata
1739 3729 1828 3767 cubi
1859 3728 2049 3766 distantiae
2083 3722 2221 3763 Martis
2248 3721 2298 3759 ad
2324 3719 2425 3780 radi-

1390 3800 1474 3826 cem
1493 3784 1716 3836 quadratam
1736 3783 1822 3820 cubi
1842 3780 2029 3818 distantiae
2051 3778 2180 3815 Terrae
2198 3788 2222 3835 a
2244 3774 2342 3818 Sole,
2372 3780 2426 3810 ita

1393 3839 1453 3881 38'
1473 3839 1544 3879 20¹¹
1561 3837 1611 3877 ad
1638 3844 1790 3876 motum
1814 3834 1952 3883 aphelii
1979 3832 2108 3871 Terrae
2125 3840 2236 3867 annis
2254 3834 2420 3865 centum.
