2528 4172
309 293 376 344 70

359 429 418 468 Sit
434 430 634 470 mediocris
651 431 830 471 distantia
845 433 974 472 Lunae
992 448 1015 474 a
1031 436 1151 475 Terra
1168 438 1208 476 D
1222 455 1278 476 ==
1292 444 1343 479 60

301 482 435 521 semid.
458 491 620 523 terrestr.
643 492 796 535 tempus
812 487 1050 535 periodicum
1070 490 1197 528 Lunae
1213 508 1270 529 =
1290 498 1340 533 27

301 535 401 573 dieb.
423 541 445 575 7
459 537 541 575 hor.
553 537 626 576 43'.
640 539 775 576 semid.
795 537 926 577 Terrae
938 557 995 577 ==
1016 547 1049 588 1,
1062 549 1216 592 tempus
1233 558 1337 583 revo-

299 587 459 626 lutionis
480 590 610 627 Terrae
621 589 721 629 circa
739 603 918 629 axem=
933 599 983 632 25
997 596 1078 633 hor.
1099 597 1172 635 56'.
1193 598 1248 635 4⁰.
1268 599 1339 636 erit

299 640 463 690 gravitas
480 642 527 679 ad
547 643 625 680 vin.
643 644 901 696 centrifugam
920 654 965 685 ut
984 653 1059 686 288
1074 649 1125 686 ad
1144 654 1175 688 1.
1221 651 1338 690 Unde

296 705 367 740 pro
388 693 860 737 TerraforetCA—C
884 699 948 738 Pa
976 701 1008 739 C
1033 702 1140 739 P=
1164 706 1332 743 1:576:

299 745 419 783 Terra
446 748 576 798 itaque
606 747 738 788 minos
777 763 991 801 compressa
1024 754 1124 792 foret
1159 751 1278 805 quam
1314 770 1336 795 a

297 797 491 837 Newtono
518 800 721 839 definitum
747 811 812 846 est,
843 807 966 856 magis
984 814 1111 845 tamen
1130 807 1248 858 quarn
1268 810 1334 848 de-

270 894 281 902 ,
293 852 543 890 terminatum
560 861 618 891 est
635 857 684 892 ab
705 855 907 907 Hugenio,
929 858 1130 898 verum'ob
1144 862 1334 901 actionem

296 903 395 941 Solis
422 905 464 941 in
493 906 664 954 Lunam,
694 916 847 958 tempus
870 912 954 962 ejus
981 913 1217 960 periodicum

289 968 370 994 non
388 958 593 1006 respondet
609 961 786 1000 accurate
810 963 848 1000 vi
875 966 1101 1015 centrifugae
1122 967 1157 1004 T
1158 980 1216 1004 er-

290 1021 362 1056 rae3
383 1010 476 1048 alias
494 1014 747 1052 correctiones
760 1015 876 1066 hujus
890 1017 1028 1055 calculi
1046 1018 1218 1058 invenies

290 1061 426 1100 Trans.
453 1064 596 1103 Philos.
617 1067 740 1105 Num.
759 1073 849 1106 458.
865 1070 1005 1120 quibus
1028 1071 1078 1109 ad
1098 1073 1217 1110 New-

288 1115 491 1154 tonianum
509 1119 793 1168 proportionem
811 1123 937 1173 magis
957 1124 1132 1163 accurate
1157 1137 1217 1162 re·

290 1177 459 1207 vocatur.
534 1171 598 1209 De
627 1172 700 1211 heic
735 1176 947 1224 quaestione
983 1178 1220 1216 nobilissima

287 1222 423 1267 procul
461 1222 581 1262 dubio
617 1224 797 1275 legantur
838 1240 926 1278 quae
962 1228 1011 1267 de
1049 1230 1220 1268 Telluris

286 1271 414 1323 figura
440 1275 630 1316 dederunt
648 1278 845 1317 clarissimi
864 1281 934 1318 viri
960 1282 1014 1320 D.
1038 1282 1086 1320 de
1113 1284 1220 1321 Mai-

285 1337 355 1362 ran
382 1327 424 1364 in
455 1329 725 1369 Monumentis
760 1332 880 1371 Paris.
916 1347 979 1372 an.
1013 1339 1125 1374 1720.
1159 1337 1213 1374 D.

286 1377 335 1415 de
384 1381 630 1430 Maupertuis
676 1384 768 1423 ibid.
823 1399 885 1424 an.
941 1391 1055 1427 1755.
1100 1392 1213 1428 1754.

288 1435 401 1471 1755.
425 1438 536 1474 1756.
556 1444 595 1474 et
611 1437 653 1474 in
672 1437 824 1476 duobus
842 1441 1037 1488 opusculis
1051 1454 1219 1491 quorum

284 1496 409 1522 unum
429 1487 477 1525 de
499 1487 659 1539 Figuris.
673 1491 890 1540 Corporum
909 1493 1143 1541 Coelestium,
1162 1496 1217 1533 al·

283 1546 407 1575 terum
428 1540 475 1578 de
494 1541 638 1591 Figura
653 1544 821 1582 Telluris
834 1545 1063 1585 inscribitur.
1107 1549 1215 1585 Prae-

282 1589 383 1628 clara
409 1605 562 1643 quoque
587 1595 635 1632 de
663 1596 799 1634 eodem
827 1607 1057 1649 argumento
1088 1600 1217 1639 edide-

281 1651 372 1681 runt
412 1646 465 1683 D.
500 1647 673 1686 Clairaut
701 1649 741 1686 in
776 1651 1047 1690 Monumentis
1074 1654 1217 1691 Parisi-

281 1696 436 1735 ensibus
469 1711 533 1737 an.
573 1705 686 1740 1735-
716 1710 754 1740 et
790 1703 831 1740 in
875 1704 1215 1745 Transactionibus

285 1747 567 1800 Philosophicis
588 1754 710 1792 Num.
735 1760 825 1794 445.
849 1764 887 1795 et
905 1762 995 1797 449.
1022 1759 1075 1796 D.
1102 1760 1212 1797 Bou-

279 1814 376 1850 guer
399 1802 491 1842 ibid.
515 1819 576 1843 an.
603 1811 716 1846 1736.
745 1809 799 1847 D.
825 1810 1062 1848 Eustachius
1091 1812 1209 1849 Man.

278 1854 425 1893 fredius
452 1858 543 1896 ibid.
580 1872 642 1898 an.
676 1864 789 1899 1754.
821 1870 859 1900 et
892 1864 947 1901 D.
977 1864 1137 1915 Stirling
1167 1865 1209 1902 in

282 1906 620 1949 Transactionibus
644 1914 819 1963 Anglicisx
844 1928 905 1953 an.
934 1920 1046 1955 1735.

332 1963 352 1983 ³*
386 1962 500 2000 Viam
532 1973 674 2003 sternet
706 1966 756 2004 ad
790 1967 1121 2007 determinandam
1149 1970 1317 2022 figuram

279 2011 409 2050 Terrae
437 2026 561 2054 ortam
579 2030 626 2055 ex
645 2020 865 2058 necessitate
884 2022 1084 2071 aequilibrii
1103 2023 1160 2061 vis
1177 2025 1315 2062 centri-

273 2065 380 2116 fugae
408 2075 446 2106 et
472 2070 529 2107 vis
554 2072 750 2121 gravitatis
768 2073 1007 2124 singularum
1029 2076 1112 2126 ejus
1135 2077 1313 2125 partium,

273 2117 305 2154 si
332 2123 619 2168 generalissime
648 2125 817 2163 solvatur
848 2127 977 2165 Probl.
1005 2129 1141 2166 XLV.
1173 2130 1310 2181 (Prop.

277 2170 395 2210 XCI.
421 2174 509 2213 Lib.
536 2176 594 2226 Ι.)
629 2178 824 2224 Newtoni,
854 2192 1005 2229 nempe,
1039 2181 1070 2218 si
1098 2181 1316 2221 inveniatur

272 2228 447 2264 attractio
474 2223 692 2278 corpusculi
720 2244 800 2269 non
827 2232 952 2270 solum
971 2236 1032 2272 siti
1049 2237 1090 2272 in
1109 2249 1175 2273 ame
1202 2236 1314 2275 solidi

271 2279 439 2325 rotundi,
470 2282 536 2319 sed
564 2283 625 2321 siti
651 2283 776 2321 ubivis
799 2285 838 2322 in
859 2286 942 2336 ejus
960 2287 1181 2335 superficie,-
1202 2290 1314 2339 cujus

269 2330 529 2422 groblematis
560 2335 746 2386 analysim
771 2338 834 2376 hic
863 2338 905 2375 in
932 2340 1206 2389 compendium
1235 2350 1311 2379 tra·

297 2397 419 2423 emus·

613 2496 970 2538 PROBLEMA.

326 2599 431 2639 Data
444 2601 662 2652 aequatione
676 2615 804 2642 curvae
817 2605 1096 2655 cujuscumque
1109 2618 1196 2656 quae
1210 2606 1309 2644 circa

265 2652 368 2690 axim
393 2655 625 2693 revolvendo
643 2656 813 2695 solidum
831 2658 1031 2704 describat,
1061 2658 1232 2696 invenire
1250 2667 1306 2697 at-

264 2706 490 2745 tractionem
508 2710 727 2757 corpusculi
748 2710 810 2748 siti
836 2711 879 2748 in
900 2717 1144 2762 quocumque
1162 2720 1305 2761 puncto

264 2759 478 2807 superficiei
496 2760 580 2811 ejus
599 2762 723 2800 solidi.

320 2816 569 2853 constructio.
646 2815 838 2867 Fingatur
873 2816 1034 2866 planum
1066 2825 1228 2869 tangens
1263 2818 1303 2856 id

261 2865 429 2903 solidum
456 2866 496 2903 in
524 2867 572 2913 P,
601 2875 640 2905 et
657 2881 771 2917 super
789 2883 835 2908 eo
853 2870 981 2919 plano,
1002 2883 1023 2908 e
1042 2879 1186 2919 puncto
1208 2872 1242 2909 P
1259 2879 1304 2909 ut

261 2927 392 2956 centro
410 2919 598 2969 descripta
617 2922 854 2973 intelligatur
867 2924 1015 2971 sphoera
1026 2923 1134 2961 radio
1152 2924 1302 2963 infinite

260 2983 390 3018 parvo,
428 2973 621 3011 dividatur
657 2981 739 3013 tota
783 2976 1001 3025 superficies
1046 2977 1300 3025 hemisphaerii

259 3035 390 3062 versus
408 3023 574 3064 solidum
586 3027 757 3065 conversi
775 3029 816 3064 in
835 3029 1098 3077 portiunculas
1113 3030 1298 3080 aequales;

259 3084 298 3114 et
316 3079 582 3127 concipiantur
607 3080 821 3129 pyramides
847 3082 1029 3133 (quarum
1049 3082 1206 3120 vertices
1224 3084 1301 3121 sint

259 3129 298 3166 in
318 3140 449 3170 centro
469 3134 645 3183 sphaerae)
665 3133 741 3171 illis
758 3135 1012 3183 portiunculis
1030 3135 1244 3173 insistentes
1261 3143 1300 3174 et

258 3182 348 3220 inde
367 3185 417 3222 ad
442 3185 554 3223 solidi
580 3186 700 3234 ipsius
718 3187 930 3236 oppositam
949 3187 1187 3236 superficiem
1205 3201 1296 3226 con-

257 3234 429 3283 tinuatae‚
464 3246 559 3287 puta
587 3239 627 3276 in
660 3240 703 3286 Z,
734 3240 776 3284 Z,
809 3240 1064 3278 terminentur
1088 3240 1165 3277 illae
1186 3254 1296 3290 pyra·

256 3288 381 3326 mides
405 3290 446 3327 in
473 3304 520 3328 eo
547 3292 668 3330 solido
694 3305 762 3341 per
788 3294 894 3330 bases
920 3292 1118 3341 parallelas
1144 3294 1298 3331 basibus

255 3339 426 3388 ipsarum
455 3345 613 3392 sphaerae
642 3346 964 3394 circumscriptis;
1006 3346 1223 3394 corpusculi
1255 3346 1296 3383 in

254 3401 400 3441 puncto
431 3395 466 3433 P
484 3397 544 3433 siti
567 3398 740 3436 attractio
757 3400 806 3437 ab
824 3399 1004 3437 omnibus
1030 3399 1105 3436 illis
1128 3399 1295 3447 pyrami-

255 3445 381 3493 dibus,
410 3449 561 3497 concipi
588 3452 726 3498 poterit
753 3459 798 3489 ut
815 3451 989 3489 attractio
1006 3465 1029 3489 a
1046 3459 1127 3489 toto
1144 3451 1267 3490 solido
1282 3466 1293 3498 ;

253 3499 406 3549 exiguae
423 3502 528 3538 enim
547 3503 629 3553 ejus
647 3504 757 3541 solidi
775 3504 979 3553 portiones,
1006 3517 1093 3555 quae
1111 3505 1152 3541 in
1172 3513 1294 3542 extre-

252 3552 386 3590 mitate
417 3553 536 3591 unius
563 3555 748 3607 cujusque
783 3557 994 3607 pyramidis
1029 3557 1293 3608 negliguntur,

252 3612 344 3642 sunt
375 3606 519 3658 ubique
548 3608 667 3646 totius
695 3610 904 3659 pyramidis
933 3618 1108 3660 respectu
1143 3609 1294 3649 infinite

251 3670 391 3707 parvae.

307 3711 498 3750 Attractio
515 3720 647 3751 autem
664 3717 881 3764 corpusculi
912 3716 948 3755 P
966 3729 988 3754 a
1006 3716 1161 3768 singula
1181 3729 1294 3767 pyra-

249 3762 354 3803 mide
380 3765 452 3804 erit
478 3766 622 3819 ubique
648 3774 694 3807 ut
719 3767 801 3807 axis
830 3768 867 3809 P
887 3769 920 3808 Z
944 3771 1030 3822 ejus
1055 3766 1293 3822 pyramidis3

807 291 1372 348 PH1LosoPH1AE
1414 297 1863 352 NATURAms
1912 300 2031 364 [DE
2053 283 2254 353 Mum.
2279 303 2431 354 sYs-r.

1396 454 1487 480 nam
1507 442 1697 482 ducantur
1713 444 1838 483 ubivis
1856 444 1896 482 in
1915 458 1996 491 axe,
2025 444 2105 483 duo
2122 455 2265 495 puncta
2282 447 2430 486 infinite

1393 496 1578 543 proxima,
1612 497 1878 549 ducanturque
1908 511 1977 546 per
2008 511 2052 536 ea
2080 500 2297 548 superficies
2328 501 2427 548 duae,

1392 548 1583 596 parallelae
1611 551 1690 588 basi
1718 551 1938 599 pyramidiS‚
1972 553 2060 597 sive,
2095 552 2197 601 quod
2230 553 2330 590 idem
2359 564 2425 598 est,

1392 601 1583 650 parallelae
1606 603 1819 650 superficiei
1846 607 2004 653 sphaerae
2031 605 2130 642 circa
2160 606 2193 642 P
2217 606 2426 654 descriptae,

1391 654 1576 704 exiguum
1596 656 1761 693 solidum
1779 657 1878 695 inter
1892 671 1955 694 eas
1969 658 2186 705 superficies
2204 668 2426 697 contentum

1392 715 1533 744 crescet
1563 716 1608 746 ut
1639 708 1716 745 illae
1747 710 1977 758 superficieS,
2011 712 2089 747 sive
2121 718 2166 749 ut
2196 712 2425 761 quadratum

1389 759 1572 808 portionis
1599 774 1713 798 axeos
1739 763 1923 808 abscissae,
1953 762 2018 801 sed
2038 762 2127 801 cum
2147 765 2319 802 attractio
2346 766 2423 802 sin-

1387 811 1492 862 gulae
1518 814 1715 860 particulae
1742 814 1932 854 decrescat
1958 824 2003 853 ut
2030 817 2258 866 quadratum
2282 817 2422 855 distan-

1387 866 1451 903 tiae
1468 878 1492 903 a
1508 874 1652 914 puncto
1674 868 1721 915 P,
1742 868 1818 906 sive
1837 869 2027 907 decrescat
2044 878 2089 908 ut
2106 870 2334 921 quadratum
2353 873 2420 909 ab·

2293 1050 2340 1100 P

1659 1833 1706 1881 B
2322 1787 2361 1860 2

1369 1966 1518 2015 scissae;
1554 1965 1719 2017 ide6que
1745 1972 1887 2005 crescat
1915 1964 2186 2014 particularum
2215 1964 2408 2015 quantitas

1368 2028 1413 2059 ut
1440 2020 1623 2058 decrescit
1649 2020 1812 2070 singulae
1839 2018 2036 2068 particulae
2055 2017 2120 2062 vis,
2141 2020 2267 2055 evenit
2286 2026 2330 2056 ut
2348 2027 2406 2057 at-

1366 2074 1501 2111 tractio
1527 2075 1610 2124 ejus
1636 2073 1747 2111 solidi
1773 2072 1898 2110 ubivis
1924 2072 1965 2109 in
1983 2083 2054 2108 axe
2076 2071 2110 2109 P
2131 2071 2162 2108 Z
2181 2071 2322 2118 sumpti
2343 2085 2405 2109 ea..

1367 2126 1455 2163 dem
1483 2139 1632 2175 semper
1658 2125 1729 2173 sit;
1759 2125 1917 2175 aequalis
1943 2124 2015 2161 erit
2041 2136 2075 2161 v.
2099 2136 2156 2173 gr.
2189 2124 2404 2162 attractioni

1366 2179 1477 2217 solidi
1496 2180 1607 2231 cujus
1623 2179 1724 2217 basis
1740 2178 1840 2216 foret
1862 2177 1990 2226 portio
2005 2176 2218 2224 superficiei
2246 2177 2403 2225 sphaerae

1364 2232 1464 2270 intra
1482 2231 1720 2282 pyramidem
1739 2239 1940 2276 contentae,
1967 2238 2003 2267 et
2022 2229 2185 2267 altitudo
2202 2229 2269 2267 illa
2286 2242 2402 2279 quam

1363 2286 1526 2323 minima
1553 2298 1666 2324 axeos
1689 2285 1723 2322 P
1744 2286 1774 2321 Z
1794 2284 1920 2332 portio
1947 2290 2150 2330 assumpta.
2209 2283 2318 2320 Hinc
2344 2291 2401 2320 at-

1364 2338 1498 2376 tractio
1526 2339 1643 2376 totius
1669 2337 1876 2386 pyramidis
1902 2336 1972 2374 erit
1999 2336 2171 2373 attractio
2197 2336 2278 2384 ejus
2296 2337 2402 2384 parvi

1362 2391 1483 2434 solidi,
1514 2392 1624 2429 toties
1642 2391 1800 2439 repetita
1818 2397 1911 2439 quot
1930 2396 2020 2426 sunt
2038 2400 2151 2425 axeos
2175 2389 2209 2425 P
2232 2389 2262 2424 Z
2282 2390 2399 2436 porti-

1361 2444 1540 2490 unculae;
1575 2443 1666 2481 cum
1694 2444 1823 2493 itaque
1850 2442 1974 2490 portio
2000 2441 2212 2488 superficiei
2240 2443 2399 2489 sphaerae

1360 2497 1460 2535 intra
1486 2496 1702 2547 pyramides
1728 2504 1919 2540 contenta,
1949 2494 1998 2532 sit
2023 2493 2145 2531 ubivis
2175 2494 2320 2540 eadem,
2351 2508 2398 2532 ex

1359 2559 1494 2594 const„
1513 2550 1754 2588 attractiones
1767 2548 2007 2598 singularum
2026 2547 2268 2595 pyramidum
2285 2558 2398 2586 erunt

1360 2611 1403 2641 ut
1428 2616 1613 2641 numerus
1638 2601 1912 2651 particularum
1940 2600 2145 2650 aequalium
2175 2600 2214 2636 in
2243 2601 2397 2651 singulo

1358 2669 1430 2694 axe
1451 2657 1485 2694 P
1508 2657 1538 2693 Z
1558 2654 1888 2700 assu-mendarum,
1915 2653 1993 2691 sive
2011 2652 2115 2703 quod
2133 2652 2235 2691 idem
2255 2662 2322 2701 est,
2353 2663 2397 2693 ut

1356 2708 1499 2759 singuli
1517 2722 1607 2747 axes
1629 2709 1664 2746 P
1683 2709 1728 2746 Z.

1412 2762 1490 2800 His
1518 2762 1669 2811 positis:
1713 2760 1762 2799 sit
1792 2761 1840 2799 M
1862 2761 1903 2798 D
1925 2759 1966 2798 N
1986 2759 2023 2798 E
2055 2772 2159 2797 unus
2188 2773 2209 2797 e
2242 2760 2395 2800 circulis

1354 2815 1493 2865 genitis
1520 2816 1561 2852 in
1580 2814 1704 2853 solido
1730 2815 1923 2863 proposito
1940 2826 2008 2862 per
2025 2813 2303 2851 revolutionem
2331 2827 2392 2852 or-

1354 2868 1495 2906 dinatae
1527 2869 1559 2907 C
1580 2869 1629 2906 M
1656 2869 1756 2906 circa
1782 2868 1885 2905 axim
1908 2868 1944 2904 A
1969 2867 2017 2904 B.
2080 2867 2182 2904 Dico
2208 2867 2312 2916 quod
2334 2876 2391 2905 at-

1353 2922 1488 2959 tractio
1514 2921 1648 2970 puncti
1676 2921 1711 2959 P
1729 2923 1777 2959 ab
1804 2921 1983 2958 omnibus
2009 2919 2270 2968 pyramidibus
2296 2932 2390 2969 qua-

1351 2986 1440 3012 rum
1471 2988 1562 3012 axes
1592 2975 1634 3011 in
1660 2972 1968 3012 circumferentia
1995 2972 2127 3010 circuli
2154 2973 2202 3008 M
2226 2973 2266 3009 D
2289 2972 2328 3009 N
2351 2974 2388 3011 E

1351 3028 1616 3074 terminantur,
1634 3028 1737 3079 (quae
1756 3034 1812 3064 est
1829 3033 1874 3063 ut
1892 3037 2044 3063 summa
2062 3024 2237 3061 omnium
2256 3025 2388 3063 axium

1353 3080 1389 3118 P
1410 3082 1441 3118 Z
1461 3081 1510 3119 ad
1527 3093 1612 3119 eam
1630 3078 1977 3117 circumferentiam
2003 3077 2312 3127 terminatorum)
2334 3087 2392 3117 est

1352 3140 1394 3170 at
1411 3133 1513 3171 linea
1533 3134 1569 3171 P
1587 3134 1618 3171 C
1637 3146 1661 3170 a
1677 3139 1821 3181 puncto
1843 3131 1877 3169 P
1895 3130 1945 3168 ad
1962 3138 2136 3168 centrum
2156 3131 2239 3180 ejus
2257 3132 2390 3169 circuli

1355 3185 1387 3224 C
1407 3186 1543 3231 ductae,
1563 3185 1816 3233 multiplicata
1833 3196 1901 3232 per
1919 3195 2124 3220 numerum
2143 3183 2275 3221 axium
2298 3185 2333 3222 P
2354 3186 2400 3223 Z-

1347 3238 1396 3276 ad
1423 3238 1770 3277 circumferentiam
1803 3237 1851 3274 M
1873 3236 1914 3274 D
1937 3236 1976 3273 N
1998 3235 2035 3272 E
2067 3236 2385 3285 pervenientium,

1351 3291 1494 3342 (missis
1511 3304 1649 3340 nempe
1667 3289 1907 3341 singularum
1926 3289 1961 3327 P
1982 3289 2013 3325 Z
2039 3287 2381 3341 longitudinibus).

1404 3345 1637 3382 Assumatur
1655 3343 1759 3380 enim
1776 3344 1817 3379 in
1835 3340 2145 3380 circumferentia
2165 3343 2212 3380 M
2236 3343 2277 3380 D
2292 3344 2331 3380 N
2346 3345 2383 3381 E

1344 3405 1533 3446 punctum
1561 3396 1758 3447 quodlibet
1785 3396 1829 3442 Z,
1858 3403 1897 3432 et
1924 3393 2039 3432 ducta
2068 3407 2134 3443 per
2152 3404 2328 3434 centrum
2351 3397 2385 3435 C

1347 3449 1449 3487 linea
1475 3450 1506 3487 Z
1529 3450 1561 3487 C
1581 3451 1614 3499 ζ,
1643 3449 1804 3487 ducatur
1837 3448 1873 3486 P
1892 3449 1925 3497 ζ,
1957 3460 2005 3485 ex
2032 3447 2301 3486 demonstratis
2326 3457 2385 3487 at-

1346 3502 1548 3541 tractiones
1574 3501 1817 3551 pyramidum
1845 3500 1894 3539 ad
1924 3501 1954 3538 Z
1975 3502 2053 3550 et(
2076 3501 2382 3550 pervenientium

1347 3563 1459 3593 erunt
1477 3564 1521 3593 ut
1543 3555 1577 3592 P
1592 3555 1623 3592 Z
1641 3554 1690 3591 ad
1713 3554 1747 3592 P
1761 3556 1806 3604 ξς
1830 3554 1994 3591 ducatur
2012 3566 2059 3591 ex
2082 3554 2117 3593 P
2135 3555 2175 3591 in
2193 3553 2382 3603 circulum

1347 3609 1396 3647 M
1416 3609 1455 3646 D
1473 3608 1512 3646 N
1529 3607 1566 3645 E
1587 3606 1902 3656 perpendiculum
1925 3607 1960 3644 P
1982 3607 2021 3644 R
2038 3614 2076 3644 et
2094 3619 2161 3656 per
2183 3608 2221 3645 R
2240 3614 2279 3644 et
2291 3618 2380 3644 cen.

1345 3670 1449 3700 trum
1480 3661 1512 3699 C
1537 3659 1701 3706 ducatur
1726 3659 1911 3698 diameter
1940 3660 1988 3697 M
2013 3661 2051 3698 R
2072 3660 2126 3706 N,
2154 3666 2382 3708 sumptaque

1347 3715 1388 3753 N
1406 3727 1426 3752 r
1442 3730 1498 3750 =
1520 3714 1567 3751 M
1587 3714 1626 3751 R
1644 3712 1867 3755 demittatur
1884 3712 2202 3762 perpendiculum
2219 3724 2239 3748 r
2256 3724 2295 3760 p,
2315 3712 2381 3772 siet-

1344 3779 1573 3820 querp=
1597 3765 1962 3814 RP‚1ineaMN,
1985 3765 2383 3814 PRetrpsuntm
