2528 4172
275 237 345 284 90
778 228 1344 283 PHILOSOPHIAE
1384 228 1839 282 NATURALIS
1894 229 2012 293 [DE
2034 229 2236 282 Mum).
2262 232 2413 283 SYsT.

277 377 406 429 turis
446 382 562 447 (per
590 377 765 430 Corol.
797 383 879 428 10.
911 377 1069 443 Prop.
1099 375 1331 440 LXVI.)
1371 374 1527 443 quam
1551 374 1606 424 in
1631 374 1880 444 syzygiis:
1923 383 1974 425 et
2008 384 2179 426 motus
2215 378 2415 428 medius

276 467 474 517 tardior
510 465 566 516 in
597 463 850 533 perihelio
886 450 1069 514 Terrae
1108 467 1223 532 (per
1253 463 1428 515 Corol.
1458 470 1506 514 6.
1538 462 1695 530 Prop.
1735 462 1967 526 LXVI.)
1997 461 2152 531 quam
2177 464 2231 513 in
2256 466 2416 533 ipsius

228 607 229 612 ,
276 555 500 623 aphelio.
577 555 752 623 Atque
777 554 862 604 hae
888 563 1009 604 sunt
1032 554 1404 622 inaequalitates
1429 552 1736 623 insigniores
1763 553 1828 603 ab
1855 554 2164 604 astronomis
2190 564 2397 607 notatae.

351 647 488 698 Sunt
525 644 680 695 etiam
718 644 832 695 aliae
870 644 1109 713 quaedam
1137 645 1198 713 (a)
1226 664 1258 695 a
1280 644 1540 712 prioribus
1567 644 1872 695 astronomis
1897 663 2005 696 non
2030 646 2314 697 observatae
2339 647 2417 697 in-

273 734 609 803 aequalitates,
651 733 838 801 quibus
875 743 1047 783 motus
1084 733 1293 784 lunares
1332 732 1463 784 adeo
1495 733 1881 801 perturbantur,
1918 744 1977 785 ut
1999 734 2143 786 nulla
2168 735 2417 788 hactenus

272 825 390 895 lege
428 824 504 875 ad·
533 824 768 895 regulam
805 824 1030 894 aliquam
1054 824 1233 875 reduci
1268 824 1547 892 potuerint.
1624 824 1939 876 Velocitates
1967 827 2107 876 enim
2133 845 2223 877 seu
2247 838 2417 879 motus

271 912 469 963 horarii
507 913 710 983 apogaei
747 923 799 964 et
821 906 1093 963 ‘nodorum
1132 912 1316 975 Lunae,
1359 922 1410 964 et
1443 912 1729 964 eorundem
1754 914 2086 983 aequationeS,
2114 925 2171 967 ut
2197 926 2247 967 et
2272 916 2419 968 diffe-

269 1001 439 1053 rentia
475 1002 609 1053 inter
645 1003 1076 1054 eccentricitatem
1111 1002 1392 1053 maximam
1424 1003 1479 1053 in
1505 1003 1723 1074 syzygiis
1750 1013 1801 1054 et
1825 1005 2092 1056 minimam
2117 1007 2171 1057 in
2199 1008 2419 1076 quadra-

270 1092 419 1153 turis,
450 1102 501 1143 et
526 1092 847 1162 inaequalitas
883 1111 1000 1162 quae
1025 1092 1238 1144 variatio
1258 1092 1461 1154 dicitur,
1481 1102 1736 1162 augentur
1769 1112 1829 1144 ac
1847 1093 2206 1147 diminuuntur
2225 1116 2419 1148 annua-

192 1183 197 1187 ’
270 1180 366 1230 tim
394 1183 509 1248 (per
538 1181 712 1232 Corol.
744 1188 826 1231 14.
857 1181 1016 1248 Prop.
1045 1180 1277 1246 LXVI.)
1312 1181 1368 1230 in
1392 1180 1647 1249 triplicata
1673 1182 1875 1234 ratione
1900 1182 2140 1236 diametri
2165 1205 2421 1255 apparen-

272 1268 338 1319 tis
384 1268 580 1319 solaris.
675 1269 747 1320 Et
788 1269 1003 1320 variatio
1045 1278 1299 1337 praeterea
1342 1279 1559 1339 augetur
1598 1269 1675 1320 vel
1720 1270 2024 1322 diminuitur
2067 1273 2122 1323 in
2159 1274 2420 1343 duplicata

276 1356 477 1409 :ratione
521 1357 769 1425 temporis
807 1357 942 1408 inter
986 1358 1324 1427 quadraturas
1363 1377 1518 1427 quam
1556 1357 1795 1426 proxime
1840 1362 1954 1427 (per
1995 1360 2170 1412 Corol.
2202 1371 2248 1414 1.
2283 1374 2335 1416 et
2368 1372 2417 1416 2.

277 1447 426 1498 Lem.
467 1446 542 1497 X.
582 1456 634 1496 et
675 1446 850 1497 Corol.
894 1453 975 1498 16.
1018 1447 1176 1514 Prop.
1217 1446 1424 1497 LXVI.
1455 1446 1572 1497 Lib.
1612 1446 1678 1511 I.)
1726 1447 1817 1497 sed
1849 1446 1964 1499 haec
2003 1449 2324 1520 inaequalitas
2368 1455 2423 1505 in

277 1534 478 1585 calculo
523 1534 869 1586 astronomico
908 1534 976 1586 ad
1012 1534 1449 1604 prostaphaeresin
1500 1535 1670 1587 Lunae
1712 1535 1892 1591 referri
1931 1537 2077 1603 solet,
2119 1550 2171 1592 et
2206 1560 2325 1593 cum
2360 1543 2422 1596 ea

277 1621 542 1674 confundi.

673 1835 1148 1888 PROPOSITIO
1188 1835 1417 1888 XXIII.
1493 1835 1927 1889 PROBLEMA
1965 1837 2033 1890 V.

315 1990 490 2042 Motus
516 1990 786 2057 inaequales
811 1991 1080 2041 satellitum
1102 1989 1245 2043 Jovis
1269 1997 1318 2041 et
1341 1990 1553 2042 Saturni
1576 2009 1610 2041 a
1634 1989 1841 2042 motibus
1866 1991 2126 2043 lunaribus
2151 1993 2383 2043 derivare

354 2159 440 2210 Ex
476 2159 702 2211 motibus
741 2159 912 2211 Lunae
948 2169 1142 2211 nostrae
1166 2169 1338 2212 motus
1365 2156 1572 2230 analogi
1596 2158 1836 2210 lunarum
1864 2177 1955 2210 seu
1980 2160 2256 2211 satellitum
2280 2160 2315 2212 J
2317 2160 2425 2211 ovis

279 2249 353 2299 sic
391 2249 704 2301 derivantur.
781 2249 965 2301 Motus
1002 2250 1203 2301 medius
1242 2249 1502 2301 nodorum
1536 2249 1766 2301 satellitis
1792 2249 1970 2301 extimi
1996 2251 2219 2318 jovialis,
2256 2260 2335 2302 est
2359 2250 2426 2301 ad

276 2347 477 2388 motum
513 2337 743 2389 medium
779 2339 1038 2389 nodorum
1067 2340 1236 2390 Lunae
1261 2349 1469 2401 nostrae,
1509 2339 1564 2388 in
1598 2334 1798 2389 ratione
1824 2338 2107 2406 composita
2134 2357 2200 2390 ex
2225 2340 2425 2389 ratione

279 2425 539 2493 duplicata
573 2427 820 2495 temporis
859 2427 1112 2495 periodici
1151 2427 1336 2478 Terrae
1376 2428 1512 2478 circa
1551 2427 1726 2478 Solem
1759 2426 1826 2476 ad
1864 2437 2069 2495 tempus
2101 2427 2426 2496 periodicum

277 2514 423 2565 Jovis
464 2514 602 2565 circa
641 2514 833 2578 Solem,
874 2524 928 2566 et
964 2516 1164 2566 ratione
1203 2515 1424 2583 simplici
1461 2515 1711 2582 temporis
1742 2515 1991 2583 periodici
2025 2517 2253 2568 satellitis
2291 2518 2427 2569 circa

278 2605 467 2657 Jovem
504 2605 572 2656 ad
608 2614 813 2675 tempus
847 2606 1169 2674 periodicum
1196 2606 1366 2658 Lunae
1392 2607 1528 2657 circa
1554 2606 1776 2657 Terram
1803 2610 1918 2674 (per
1946 2606 2121 2658 Corol.
2153 2614 2234 2659 16.
2265 2607 2423 2676 Prop.

278 2693 491 2747 LXVI.
520 2694 638 2746 Lib.
668 2694 734 2760 I.)
776 2694 841 2764 (b)
869 2694 1092 2765 ideoque
1118 2695 1268 2746 annis
1294 2704 1503 2747 centum
1529 2693 1740 2745 conficit
1763 2694 1931 2746 nodus
1956 2695 2053 2747 iste
2080 2703 2109 2746 8
2136 2713 2214 2766 gr.
2243 2697 2328 2747 24'
2370 2697 2426 2748 in

335 2854 392 2907 (²)
414 2858 436 2881 ³*
459 2856 499 2894 A
521 2856 714 2905 prioribus
742 2857 968 2895 astronomis
998 2869 1077 2895 non
1103 2856 1317 2894 observata.
1381 2854 1540 2892 Terram
1554 2853 1705 2891 dierum
1722 2857 1882 2892 22:321.
1900 2854 2040 2906 (Prop.
2062 2853 2167 2892 XVI
2174 2852 2246 2904 L).
2282 2853 2424 2905 Sump-

281 2907 571 2958 Inaequalitates
588 2909 665 2947 illae
683 2921 779 2959 quas
796 2909 859 2946 hic
877 2918 945 2957 per
961 2916 1206 2946 transennam
1225 2921 1322 2946 enu.
1379 2907 1503 2958 tisque
1520 2906 1772 2959 logarithmis,
1793 2907 1865 2945 erit

279 2969 403 2999 merat
424 2962 649 3005 Newtonus,
671 2962 982 3011 aequationesque
999 2974 1133 2999 omnes
1151 2974 1217 2999 seu
1238 2974 1321 2999 cor-

280 3014 467 3052 rectiones
485 3014 666 3063 deinceps
683 3015 925 3053 commodius
949 3014 1256 3063 explicabuntur‚
1287 3022 1325 3052 et
1665 3013 1715 3050 L.
1741 3012 1978 3064 (36552565)
1998 3015 2018 3036 ²
2037 3027 2094 3049 =
2114 3015 2342 3052 5.1251956

281 3066 478 3117 quomod&
507 3068 663 3105 variatio
690 3068 817 3106 Lunae
840 3067 889 3105 ad
910 3068 1256 3116 prostraphaeresim
1282 3068 1325 3104 in
1666 3065 1716 3103 L.
1796 3069 1968 3104 16.6880
2036 3080 2094 3101 =
2118 3070 2341 3104 1.2224Ο45

281 3120 432 3158 calculo
467 3120 722 3159 astronomica
756 3120 888 3158 referri
924 3121 1056 3165 soleat,
1095 3127 1318 3168 exponetur.
2114 3139 2347 3160 -r-—-——·

286 3173 457 3211 Variatio
475 3182 607 3211 autem
625 3174 767 3211 dicitur
784 3173 1024 3224 inaequalitas
1042 3172 1109 3210 illa
1126 3172 1204 3222 qua
1222 3172 1266 3210 fit
1280 3180 1324 3210 ut
1639 3170 1842 3221 utriusque
1859 3181 2011 3209 summa
2037 3186 2094 3208 =
2115 3176 2342 3213 6.3475999

281 3233 412 3263 motus
446 3227 574 3264 Lunae
605 3228 646 3263 in
671 3227 797 3276 primo
822 3226 966 3264 mensis
992 3225 1216 3276 quadrante,
1243 3225 1324 3263 sive

281 3286 466 3329 pergente
496 3280 612 3317 Luna
637 3294 660 3317 a
681 3279 953 3331 conjunctione
976 3279 1026 3317 ad
1049 3277 1321 3329 quadraturam

280 3343 511 3421 Ξὶἳῖῗέἒέ
515 3333 759 3423 Jiffle‘cf'
758 3345 842 3424 „1¹1⁰
874 3331 1324 3430 Zicssndssszssssssffie‘ffi

281 3437 396 3474 tertio
419 3398 788 3477 τεωζάεωὲυιῗιτέῗιε
814 3399 887 3477 gif
875 3438 918 3475 in
941 3397 1078 3489 qiffrto
1098 3436 1240 3475 iterum
1261 3448 1324 3474 ac-
1642 3417 1841 3461 ”musque
1858 3423 2012 3449 summa
2037 3427 2094 3448 =
2114 3415 2341 3451 8⁶7⁰99566

281 3489 481 3528 celeretur.
1384 3490 1449 3529 Ab
1466 3487 1541 3528 hac
1561 3487 1700 3527 ultima
1717 3492 1962 3529 subtrahatur
1980 3504 2088 3529 sum-

1485 3250 1641 3290 Deinde
1668 3251 1716 3289 L.
1739 3250 1977 3303 (4332514)
1999 3254 2018 3275 2
2036 3268 2093 3288 =
2114 3254 2343 3292 7.2754600

1663 3304 1713 3343 L.
1738 3336 1748 3351 s
1817 3308 1960 3343 27.821
2036 3320 2092 3341 =
2114 3310 2340 3346 1.4364966

2111 3380 2342 3390 ——

282 3563 285 3567 >
339 3542 394 3594 (b)
417 3545 445 3582 *ἢ
466 3543 624 3593 lde6que
643 3546 760 3583 annis
776 3553 945 3584 centum.
1006 3544 1179 3592 Tempus
1202 3542 1327 3592 perio-
1537 3555 1601 3580 ma
1619 3543 1790 3591 superior
1858 3567 1876 3575 -
1942 3567 1961 3576 -
2026 3567 2042 3577 -
2113 3547 2341 3584 6.3475999

283 3595 416 3634 dicum
437 3595 567 3633 Terrae
586 3595 686 3633 circa
707 3597 835 3634 Solem
854 3605 911 3635 est
928 3597 1079 3636 dierum
1099 3599 1299 3635 365.2565
1310 3610 1324 3643 ;
2109 3619 2341 3628 ———-

282 3656 438 3696 tempus
457 3648 693 3696 periodicum
707 3649 817 3688 Jovis
834 3648 936 3689 circa
953 3650 1082 3689 Solem
1100 3657 1156 3687 est
1173 3649 1326 3686 dierum
1671 3648 1872 3688 residuum
1890 3650 1962 3688 erit
2033 3650 2082 3689 L.
2114 3653 2339 3689 25623567

284 3706 401 3740 4352.
410 3706 486 3739 514
513 3704 600 3751 (per
626 3702 760 3739 Phaen.
787 3702 888 3751 IV.)
911 3711 1065 3751 ternpus
1089 3702 1325 3751 periodicurn

285 3753 459 3793 satellitis
483 3753 585 3791 circa
609 3754 750 3793 Jovem
774 3762 832 3793 est
855 3755 1007 3792 dierum
1039 3759 1099 3793 16.
1106 3759 1211 3794 6880
1245 3756 1331 3819 (per
1441 3754 1516 3793 Cui
1546 3754 1751 3803 respondet
1782 3768 1968 3793 numerus
1998 3760 2084 3793 250.
2090 3760 2155 3792 38·
2214 3756 2345 3800 Quare
2373 3769 2421 3794 ex

288 3807 426 3846 1’.haen
451 3807 536 3857 11.)
566 3815 604 3845 et
631 3815 784 3856 tempus
810 3807 1049 3857 periodicum
1076 3808 1204 3846 Lunoe
1232 3806 1331 3846 circa
1384 3808 1457 3844 hoc
1484 3807 1632 3845 calculo
1651 3815 1698 3846 et
1724 3808 1902 3859 analogia
1930 3807 2110 3846 Newtoni
2140 3816 2244 3857 patet
2271 3817 2422 3848 motum
