2528 4172
244 276 346 324 326
656 264 1100 327 INQUISITIO
1140 263 1480 316 PHYSICA
1518 264 1600 317 IN
1643 264 1967 317 CAUSAM
2028 344 2030 347 ι

242 413 418 467 tabula
455 428 609 482 quam
648 406 807 460 celeb.
852 404 1055 458 Cassini
1090 403 1146 456 in
1186 403 1351 458 Mem.
1382 410 1536 461 1713.
1573 400 1672 475 pro
1709 405 1922 457 diversis
1961 403 2186 457 Lunae'a
2211 406 2377 460 Terra

242 501 496 554 distantiis
524 516 588 549 ex
613 495 849 565 plurimis
876 494 1322 546 observationibus
1352 494 1569 546 Brestiae
1602 495 1848 546 institutis
1874 494 2096 565 collegit,
2137 494 2256 546 satis
2294 515 2378 547 ac-

242 587 416 643 curate
443 604 560 638 cum
586 583 786 636 theoria
814 582 989 635 nostra
1016 583 1295 650 conspirat,
1320 578 1535 635 'etiamsi
1569 584 1709 634 enim
1731 601 1830 652 pro
1856 583 2010 635 Luna
2033 585 2260 655 perigaea
2283 585 2378 635 mi-

242 698 423 734 norem
449 677 787 729 elevationem
811 694 960 745 aquae
985 674 1194 737 tribuat,
1223 671 1379 743 quam
1403 674 1502 725 ista
1523 674 1653 726 ratio
1679 674 1979 744 requireret,
2006 684 2179 726 tamen
2199 674 2378 726 discri-

241 789 361 823 men
397 767 546 819 valde
572 777 647 818 est
673 766 947 836 exiguum:
994 764 1121 834 quin
1158 764 1313 815 etiam
1344 762 1493 814 facile
1532 764 1843 815 concedetur
1869 764 2076 816 Lunam
2100 764 2379 835 perigaeam

239 869 406 911 totum
443 874 594 908 suum
630 855 869 912 effectum
904 872 1011 906 non
1048 863 1155 905 tam
1180 851 1284 904 cito
1310 852 1555 923 consequi
1578 871 1744 921 posse,
1784 872 1933 923 quem
1964 863 2376 924 consequeretur,

239 950 281 1000 si
307 949 460 1000 Luna
483 944 738 1015 perpetuo
764 946 819 997 in
843 945 1074 1016 perigaeo
1106 953 1415 996 versaretur.
1493 943 1661 995 Aliter
1686 954 1858 1002 autem
1884 945 2038 997 Luna
2064 964 2279 1016 apogaea
2304 956 2381 997 est

240 1048 551 1107 comparata,
582 1056 699 1108 quae
724 1036 791 1088 ad
817 1035 1215 1088 diminuendum
1240 1045 1427 1087 aestum
1451 1035 1608 1088 maris
1633 1035 1815 1100 tendit,
1842 1033 1958 1087 cum
1988 1036 2126 1087 enim
2151 1054 2293 1087 mare
2312 1037 2380 1088 ob

238 1132 477 1185 inertiam
515 1139 567 1182 et
603 1128 973 1199 impedimenta
1003 1130 1176 1197 ipsum
1200 1128 1268 1179 ad
1293 1127 1693 1179 diminutionem
1716 1126 1870 1180 aestfis
1899 1128 1964 1179 sit
1986 1128 2230 1197 proclive,
2272 1128 2382 1180 sine

238 1221 343 1273 ulla
382 1220 672 1274 resistentia
712 1220 865 1272 Luna
900 1220 956 1270 in
993 1237 1209 1290 apogaeo
1244 1219 1521 1270 constituta
1545 1219 1783 1270 effectum
1811 1238 1961 1270 suum
1987 1229 2175 1285 exeret.
2253 1219 2381 1270 Huc
2434 1261 2438 1265 .

240 1312 395 1363 etiam
418 1310 657 1379 pertinet,
686 1309 830 1379 quod
853 1308 1046 1377 pariter
1071 1308 1230 1360 celeb.
1261 1307 1463 1359 Cassini
1488 1327 1541 1360 se
1568 1309 1866 1362 observasse
1891 1320 2121 1373 testatur,
2163 1310 2382 1361 similem

241 1400 584 1453 differentiam
611 1400 706 1451 etsi
730 1396 900 1450 multo
925 1398 1180 1449 minorem
1206 1417 1236 1449 a
1259 1398 1412 1450 variis
1442 1397 1575 1450 Solis
1602 1416 1633 1448 a
1658 1397 1826 1449 Terra
1854 1399 2106 1450 distantiis
2142 1398 2378 1467 produci,

239 1491 296 1542 id
323 1490 464 1560 quod
489 1498 683 1540 nostrae
709 1487 925 1540 theoriae
950 1505 1057 1538 non
1084 1487 1253 1538 solum
1280 1497 1356 1539 est
1382 1496 1801 1549 consentaneum,
1831 1487 1922 1538 sed
1946 1486 2067 1538 inde
2093 1487 2246 1538 etia-m
2270 1488 2383 1557 ipsa

245 1581 502 1652 quantitas
528 1580 684 1649 hujus
709 1578 1013 1629 differentiae
1038 1586 1209 1646 potest
1235 1578 1455 1630 definiri.
1511 1592 1513 1595 “

312 1675 351 1737 ᾗ.
399 1677 521 1724 110.
576 1668 821 1738 Denique
860 1667 1120 1719 decimum
1163 1667 1548 1737 phaenomenon
1588 1689 1699 1722 sese
1736 1671 1887 1722 nobis
1927 1670 2380 1738 contemplandum

241 1761 407 1823 offert,
449 1778 552 1829 quo
589 1759 747 1829 vulgo
785 1758 938 1809 statui
975 1759 1105 1810 solet
1142 1768 1296 1810 aestus
1334 1770 1439 1811 tam
1464 1760 1849 1812 noviluniorum
1875 1759 2034 1830 quarn
2070 1761 2384 1829 plenilunio-

241 1869 375 1913 rum,
417 1849 506 1919 qui
544 1847 849 1918 contingunt
886 1847 1023 1897 circa
1059 1848 1384 1917 aequinoctia,
1426 1849 1625 1899 caeteris
1651 1866 1761 1900 esse
1786 1850 2027 1918 majores,
2061 1850 2262 1900 etiamsi
2292 1851 2385 1901 ob-

244 1941 561 1992 servationes
586 1938 722 1989 hanc
746 1937 980 2008 regulam
1004 1956 1112 1988 non
1146 1935 1352 2007 penitus
1378 1932 1717 2000 confirment;
1758 1939 2095 2008 quamobrem
2118 1939 2385 1990 videamus

244 2028 507 2100 quomodo
532 2037 687 2078 aestus
708 2026 907 2077 caeteris
930 2026 1141 2093 paribus
1161 2037 1488 2095 comparatus
1508 2046 1619 2079 esse
1638 2026 1826 2079 debeat
1850 2046 1948 2096 pro
1974 2028 2189 2080 diversis
2216 2029 2386 2079 Lunae

247 2118 692 2172 declinationibus.
769 2118 850 2169 Ac
875 2115 1046 2186 primo
1073 2118 1281 2186 quidem
1307 2137 1373 2169 ex
1397 2117 1573 2169 nostra
1600 2117 1800 2170 theoria
1841 2122 1901 2187 (5.
1930 2119 2037 2185 87.)
2077 2121 2233 2181 aestus
2259 2113 2395 2169 dum*

246 2213 400 2264 Luna
436 2212 491 2262 in
529 2219 791 2279 aequatore
827 2220 1077 2273 versatur,
1116 2211 1371 2263 maximos
1409 2230 1520 2263 esse
1557 2230 1679 2262 non·
1699 2230 1870 2280 posse,
1909 2212 2010 2264 nisi
2045 2213 2099 2264 in
2132 2211 2259 2264 locis
2290 2212 2387 2265 sub

242 2304 358 2371 ipso
384 2308 647 2370 aequatore
674 2298 781 2350 sitis
802 2318 814 2349 :
856 2308 1010 2368 atque
1038 2299 1222 2351 eodem
1258 2301 1375 2353 loco
1401 2300 1645 2352 tabellam
1670 2300 1968 2369 adjecimus,
2009 2320 2077 2352 ex
2102 2301 2202 2371 qua
2227 2311 2384 2370 patet,

244 2395 449 2446 cuinam
477 2395 645 2446 Lunae
670 2394 1001 2446 declinationi
1025 2396 1239 2446 maximi
1263 2405 1415 2447 aestus
1441 2393 1802 2463 respondeant.
1881 2393 1963 2446 Ita
1986 2412 2084 2463 pro
2105 2394 2388 2445 elevatione

243 2486 353 2553 poli
408 2485 512 2538 50⁰.
556 2497 712 2538 aestus
756 2486 969 2536 maximi
1011 2486 1245 2538 incidunt
1286 2486 1454 2538 Lunae
1494 2484 1825 2536 declinationi
1875 2490 1981 2539 27⁰.
2027 2485 2071 2535 si
2108 2483 2316 2554 quidem
2353 2504 2391 2555 g

244 2582 473 2641 ponatur
508 2600 566 2618 =
601 2574 690 2640 ἔῃ
730 2585 782 2625 at
807 2575 976 2642 posito
1003 2594 1040 2645 g
1072 2602 1128 2620 =
1150 2576 1233 2640 5³62
1267 2576 1408 2645 quod
1430 2573 1748 2643 probabilius
1772 2572 1991 2636 videtur,
2018 2574 2195 2641 prodit
2220 2574 2390 2626 Lunae

246 2662 523 2713 declinatio
548 2662 833 2713 maximum
859 2673 1041 2714 aestum
1065 2664 1358 2732 producens
1386 2663 1589 2714 circiter
1619 2668 1722 2714 16⁰.
1760 2661 1817 2713 id
1856 2662 1998 2732 quod
2022 2660 2239 2712 mirifice
2266 2680 2389 2713 con-

246 2754 387 2805 venit
437 2772 555 2805 cum
604 2754 1050 2806 observationibus
1101 2755 1168 2806 ad
1211 2755 1384 2806 littora
1430 2753 1620 2806 Galliae
1664 2751 2084 2821 septentrionalia
2125 2752 2386 2815 institutis,

247 2842 433 2911 quibus
472 2852 672 2894 constat
705 2844 959 2895 maximos
997 2844 1320 2915 syzygiarum
1356 2853 1511 2894 aestus
1546 2842 1808 2893 mensibus
1848 2840 2135 2909 Novembri
2159 2850 2211 2892 et
2255 2842 2389 2893 Feb—

250 2936 423 2986 ruario
462 2935 695 2987 accidere
735 2936 915 3017 solere,
957 2937 1142 3006 quibus
1177 2936 1494 3006 temporibus
1533 2935 1688 2988 Luna
1712 2932 1818 2986 fere
1845 2935 2157 3006 assignatam
2197 2935 2398 3008 obtinet

248 3022 660 3075 declinationem.
735 3025 810 3076 At
848 3025 989 3094 quod
1027 3023 1157 3077 forte
1194 3025 1270 3076 illi
1307 3025 1520 3096 regulae,
1561 3023 1661 3094 qua
1702 3024 1870 3076 Lunae
1906 3025 1961 3075 in
1987 3033 2250 3094 aequatore
2275 3042 2390 3075 ver-

250 3114 383 3164 santi
418 3114 633 3164 maximi
670 3123 827 3164 aestus
864 3114 1088 3166 adscribi
1124 3114 1270 3177 solet,
1310 3133 1488 3166 ansam
1523 3107 1808 3182 praebuis'se
1841 3113 2060 3177 videtur,
2102 3123 2180 3165 est
2203 3113 2387 3168 modus

251 3214 472 3256 aestuum
508 3206 817 3275 quantitates
855 3205 1138 3258 definiendi
1172 3205 1445 3275 peculiaris
1483 3224 1544 3256 ac
1587 3205 1706 3256 satis
1749 3222 2051 3272 perversus3
2085 3202 2207 3257 cum
2250 3208 2390 3254 enirn

251 3293 522 3353 crederent
545 3294 780 3364 plerique
807 3295 1159 3347 observatores
1185 3296 1350 3347 causis
1377 3295 1555 3346 alienis
1579 3292 1906 3345 tribuendam
1934 3312 2044 3345 esse
2068 3293 2391 3364 inaequalita-

249 3392 370 3445 tem,
411 3403 527 3454 quae
564 3386 697 3437 inter
733 3386 884 3437 binos
922 3396 1077 3439 aestus
1104 3387 1418 3439 successivos
1443 3383 1744 3446 intercedat,
1772 3402 1948 3435 veram
1973 3381 2122 3454 aquae
2149 3383 2390 3452 clevatio-

250 3490 368 3523 nem
410 3474 696 3526 aceuratius
735 3475 952 3528 definire
989 3487 1109 3529 sunt
1144 3477 1399 3539 arbitrari,
1440 3476 1484 3528 si
1521 3484 1781 3527 sumerent
1816 3474 2048 3526 medium
2084 3475 2217 3527 inter
2240 3475 2391 3527 binos

251 3560 424 3611 fluxus
461 3564 789 3616 successivos,
869 3565 1030 3627 Qubd
1067 3565 1110 3618 si
1146 3576 1316 3618 autem
1341 3565 1442 3617 hoc
1466 3556 1624 3616 modo
1650 3565 1839 3634 quique
1866 3574 2021 3616 aestus
2054 3554 2388 3627 aestimentur,

255 3661 366 3702 tum
392 3652 570 3721 utique
594 3655 807 3706 maximi
844 3665 1000 3708 aestus
1037 3656 1092 3707 in
1117 3656 1426 3726 aequinoctia
1449 3655 1677 3706 incidere
1703 3656 2130 3720 observabuntur,
2170 3655 2225 3706 id
2250 3655 2390 3725 quod

258 3741 412 3792 etiam
453 3751 644 3793 nostrae
688 3744 903 3796 theoriae
945 3746 1170 3799 maxime
1213 3756 1291 3798 est
1330 3745 1611 3809 conforme,
1659 3748 1887 3815 exceptis
1926 3755 2128 3799 tantum
2169 3745 2393 3816 regioni-

257 3833 354 3884 bus
393 3833 525 3902 polis
566 3833 912 3888 vicinioribus
992 3837 1125 3889 Cum
1172 3837 1312 3890 enim
1352 3837 1534 3908 positis
1580 3837 1697 3890 sinu
1737 3837 2034 3891 elevationis
2076 3837 2190 3907 poli
2226 3865 2283 3883 ==
2328 3834 2390 3899 P,
