2528 4172
248 288 415 341 xxxvi
858 284 1180 342 INTROD.
1220 291 1328 343 AD
1367 292 1419 344 T
1423 291 1593 344 ERT.
1635 291 1781 344 LIB.
2083 293 2244 356 [CAP.
2271 289 2380 345 ΙΙΙ.

246 432 420 484 medio
459 433 525 483 ad
563 433 735 483 locum
777 433 909 485 Solis
946 434 1341 496 inveniendum3
1393 433 1512 486 cum
1555 436 1693 487 enim
1735 445 1939 503 tempus
1983 452 2236 502 apparens
2276 453 2383 485 non

245 521 467 571 multum
492 520 695 571 differat
721 539 751 570 a
775 530 1008 589 tempore
1032 522 1220 585 medio,
1262 523 1552 575 differentia
1574 523 1709 574 inter
1735 523 2087 574 ascensionem
2113 532 2307 573 rectam
2332 533 2384 574 et

245 609 626 680 longitudinem
662 608 887 659 mediam
928 610 1062 661 Solis
1101 620 1178 662 est
1216 630 1372 680 quam
1407 610 1646 681 proxime
1682 611 1879 674 eadem,
1921 609 2026 661 sive
2060 628 2155 678 per
2180 596 2382 679 tempus

246 700 493 762 medium,
524 698 629 751 sive
654 718 750 768 per
775 709 979 769 tempus
1006 720 1260 769 apparens
1285 702 1590 772 inquiratur.

319 796 405 845 47.
444 791 562 842 Jam
587 788 711 841 vero
737 790 780 840 si
804 799 1037 859 tempore
1063 791 1243 860 quovis
1270 797 1551 860 apparente
1577 791 1877 843 observetur
1907 790 2039 842 Solis
2067 788 2300 841 ascensio
2333 797 2385 840 et

246 880 523 953 longitudo
556 899 694 944 vera,
734 880 958 950 indeque
995 890 1206 932 eruatur
1245 881 1405 950 ipsius
1440 880 1713 951 longitudo
1749 879 1921 931 media
1948 879 2060 947 (44)
2091 898 2149 930 ac
2182 890 2393 946 tempus·

248 991 502 1042 apparens
546 982 874 1024 convertatur
915 972 970 1022 in
1011 980 1215 1040 tempu-s
1257 971 1488 1022 medium
1529 971 1641 1039 (47)
1681 963 1999 1021 habebimus
2031 969 2205 1019 locum
2249 967 2384 1020 Solis

248 1063 477 1114 medium
500 1081 597 1131 pro
623 1062 745 1113 dato
764 1061 1011 1130 temporis
1036 1060 1194 1111 medii
1218 1070 1499 1123 momento,
1522 1068 1572 1110 et
1589 1059 1675 1111 1110
1698 1058 1843 1110 100115
1864 1059 1961 1109 erit
1979 1057 2131 1108 radix
2150 1067 2385 1107 motuum

252 1151 403 1213 Solis,
443 1160 765 1202 momentum
800 1148 925 1201 vero
960 1149 1209 1217 temporis
1234 1148 1395 1200 medii
1420 1148 1599 1200 datum
1626 1147 1825 1216 epocha
1849 1156 2144 1215 temporum
2170 1164 2386 1214 compu-

247 1238 557 1300 tandorum3
608 1238 793 1308 quibus
831 1237 988 1289 semel
1028 1236 1315 1288 constitutis
1359 1236 1427 1293 ad
1470 1236 1737 1306 quodlibet
1780 1235 1933 1286 aliud·
1959 1235 2139 1286 datum
2182 1244 2386 1303 tempus

247 1329 478 1380 medium
519 1328 602 1380 vel
641 1346 895 1397 apparens
937 1327 1157 1379 inveniri
1191 1327 1382 1395 poterit
1416 1327 1559 1378 locus
1603 1326 1735 1379 Solis
1783 1345 1934 1378 verus
1977 1326 2060 1377 vel
2094 1324 2296 1376 medius
2331 1324 2386 1375 in

253 1418 487 1488 ecliptica
528 1428 579 1470 et
622 1417 819 1471 contra.
898 1418 1252 1487 Exposuimus
1289 1418 1399 1487 jam
1444 1418 1557 1486 (44)
1603 1416 1865 1487 quomodo
1908 1417 2052 1468 locus
2094 1416 2226 1469 Solis
2266 1414 2387 1466 dato

248 1517 482 1576 tempore
516 1506 690 1558 medio
714 1506 1018 1576 inquiratur.
1098 1506 1154 1558 Si
1178 1505 1357 1557 datum
1383 1506 1447 1557 sit
1474 1516 1677 1574 tempus
1704 1525 1978 1575 apparens,
2006 1505 2110 1557 hoc
2135 1515 2385 1574 tanquam

248 1604 455 1665 tempus
492 1595 722 1647 medium
755 1603 1032 1663 usurpetur
1058 1602 1110 1645 et
1134 1603 1397 1664 quaeratur
1421 1593 1565 1646 locus
1595 1594 1730 1647 Solis
1756 1613 1906 1646 verus
1930 1593 2053 1645 huic
2079 1611 2385 1661 correspon-

251 1686 382 1737 dens
437 1685 549 1753 (44)
567 1704 581 1746 ;
646 1683 833 1735 deinde
881 1683 1195 1754 longitudini
1247 1683 1381 1735 Solis
1424 1684 1497 1735 510
1539 1684 1763 1736 inventae
1800 1693 2004 1736 tantum
2045 1683 2384 1754 longitudinis

250 1775 473 1827 addatur
508 1774 591 1825 vel
625 1773 862 1825 dematur
887 1782 1138 1843 quantum
1170 1773 1417 1841 temporis
1443 1773 1722 1842 aequationi
1747 1772 1964 1824 debetur
1988 1782 2042 1824 et
2065 1771 2136 1823 ita
2159 1771 2388 1840 prodibit

249 1867 393 1918 100115
431 1866 564 1918 Solis
594 1865 817 1934 tempori
843 1863 1113 1933 apparenti
1138 1863 1473 1931 respondens.
1553 1863 1726 1914 Facile
1751 1872 1830 1914 est
1854 1881 1922 1914 ex
1946 1862 2095 1913 dictis
2121 1861 2388 1930 problema

250 1957 511 2007 inversum
549 1954 762 2016 solvere,
803 1972 895 2005 seu
924 1971 991 2004 ex
1015 1952 1137 2004 dato
1160 1952 1277 2003 loco
1306 1951 1439 2004 Solis
1465 1951 1641 2003 medio
1667 1960 1757 2003 aut
1780 1969 1905 2004 vero
1930 1961 2132 2020 tempus
2159 1950 2389 2001 medium

251 2057 340 2100 aut
364 2064 618 2116 apparens
642 2045 766 2096 huic
797 2044 931 2097 Solis
956 2044 1073 2095 loco
1099 2043 1419 2112 respondens
1444 2043 1691 2095 invenire.

323 2146 409 2190 48.
451 2137 564 2188 Nec
597 2155 728 2205 opus
766 2144 843 2187 est
879 2144 938 2185 ut
961 2151 1264 2200 moneamus
1290 2132 1498 2183 easdem
1522 2151 1633 2184 esse
1657 2140 1896 2184 motuum
1920 2131 2205 2184 coelestium
2231 2148 2390 2199 appa-

249 2226 457 2288 rentiaS,
498 2225 603 2275 sive
641 2222 831 2274 coelum
868 2239 1022 2273 omne
1059 2238 1179 2272 cum
1218 2220 1376 2271 stellis
1415 2218 1553 2271 circa
1575 2219 1815 2271 tellurem
1841 2229 1987 2271 motu
2012 2220 2200 2271 diurno
2225 2217 2391 2270 revol-

251 2327 400 2369 vatur
438 2317 503 2367 ab
541 2315 740 2366 oriente
777 2315 832 2365 in
868 2312 1206 2373 occidentem,
1248 2311 1354 2362 sive
1391 2321 1529 2362 terra
1567 2308 1704 2362 circa
1725 2310 1998 2379 proprium
2022 2327 2175 2360 axem
2202 2308 2387 2359 eodem

252 2418 486 2475 tempore
524 2405 591 2456 ab
635 2404 901 2456 occidente
945 2402 1001 2453 in
1045 2411 1298 2452 orlentem
1335 2400 1565 2451 converti
1608 2408 1929 2468 supponatur
1969 2399 2186 2450 immoto
2223 2398 2388 2460 coe103

258 2496 365 2549 sive
402 2496 555 2548 etiam
590 2503 730 2546 terra
753 2494 967 2544 immota
989 2499 1197 2543 maneat
1221 2498 1273 2541 et
1302 2488 1391 2541 Sol
1414 2489 1629 2558 proprio
1653 2498 1800 2540 motu
1824 2488 1890 2540 ab
1915 2506 2101 2539 occasu
2127 2486 2194 2538 ad
2219 2495 2390 2538 ortum

256 2587 466 2649 feratur,
507 2604 597 2638 seu
634 2586 770 2637 circa
803 2583 977 2637 Solem
1012 2583 1287 2633 immotum
1322 2590 1462 2639 terra
1485 2589 1632 2632 motu
1657 2598 1831 2632 annuo
1866 2578 2300 2632 circumvolvatur
2334 2579 2390 2629 in

258 2676 508 2747 ecliptica,
607 2676 748 2727 Nam
783 2674 836 2725 in
873 2671 1094 2743 utraque
1132 2670 1487 2740 suppositione
1522 2669 1761 2722 diametri
1795 2679 2101 2740 apparentes
2127 2677 2179 2721 et
2201 2667 2390 2721 veloci-

258 2779 387 2823 tates
413 2766 639 2820 relativae
665 2774 784 2818 sunt
816 2764 1028 2817 eaedem.
