2528 4172
145 275 277 342 CAP.
307 289 439 355 III-i
772 289 881 343 AD
921 286 1292 342 TERTIUM
1331 285 1661 340 LIBRUM.
2156 289 2288 339 xxix

982 547 1274 609 CAPUT
1317 547 1438 607 111.

139 716 241 774 De
282 713 592 792 Telescopii
628 733 694 773 ac
737 714 1105 774 Micrometri
1138 733 1245 772 usa
1284 720 1344 772 et
1375 711 1774 771 Phaenomenis
1807 711 2010 770 horum
2058 712 2288 771 Instru-

627 825 937 874 mentorum
969 815 1231 893 beneficio
1262 814 1574 875 observatis
1592 832 1803 892 pauca.

141 1012 225 1059 35.
271 985 385 1063 Su*
432 1007 769 1077 telescopium
818 1007 1224 1060 astronomicum
1285 1005 1342 1059 D
1394 1005 1440 1057 F
1493 1004 1546 1057 G
1598 1004 1664 1069 E,
1763 1010 1842 1062 A-
1858 1045 1869 1052 .
1982 991 2026 1037 13

139 1099 330 1152 vitrum
378 1099 689 1169 objectivum
728 1099 784 1151 D
825 1099 888 1163 E,
935 1099 1142 1151 oculare
1185 1097 1230 1149 F
1276 1097 1357 1159 G3
1413 1095 1676 1165 objectum

138 1190 190 1242 A
211 1191 284 1254 C3
312 1189 381 1243 ita
403 1199 660 1242 remotum
678 1198 736 1241 ut
751 1190 883 1241 radii
902 1190 991 1260 qui
1010 1208 1075 1241 ex
1092 1186 1299 1258 singulo
1318 1186 1454 1238 illius
1480 1198 1677 1254 puncto

137 1281 192 1331 in
211 1290 373 1333 totam
391 1281 509 1333 vitri
528 1279 766 1349 objectivi
786 1279 1112 1349 superficiem
1129 1278 1367 1330 incidunt
1385 1295 1483 1347 pro
1502 1277 1676 1346 paral-

136 1370 250 1423 lelis
286 1371 485 1440 possint
521 1370 777 1439 usurpari.
861 1369 1017 1422 Radii
1053 1370 1129 1420 illi
1164 1388 1231 1421 ex
1255 1368 1441 1421 eodem
1478 1379 1676 1437 puncto

138 1477 187 1511 v,
213 1478 292 1530 gr.
332 1460 385 1511 A
419 1459 709 1530 propagati,
749 1478 782 1509 a
817 1458 951 1510 vitro
977 1458 1233 1528 objectivo
1258 1457 1331 1509 ita
1355 1457 1673 1529 franguntur

136 1558 196 1601 ut
218 1559 338 1618 post
361 1549 552 1600 vitrum
572 1548 626 1600 D
649 1548 696 1600 E
717 1551 901 1600 co'e'ant
925 1547 979 1598 in
999 1567 1161 1600 unum
1180 1558 1435 1617 punctum
1462 1568 1507 1611 a,
1532 1549 1677 1619 quod

136 1649 215 1692 est
238 1639 418 1708 puncti
445 1639 496 1691 A
521 1639 710 1710 imag0‚
752 1648 803 1690 et
829 1638 1064 1690 similiter
1087 1649 1341 1707 punctum
1370 1638 1415 1691 C
1438 1639 1677 1710 pingitur

137 1731 191 1781 in
229 1748 273 1793 c,
314 1739 583 1799 totumque
620 1729 881 1798 objectum
922 1729 975 1780 A
1004 1729 1049 1780 C
1088 1729 1142 1779 in
1168 1749 1201 1780 a
1225 1748 1268 1791 c,
1310 1729 1411 1781 situ
1448 1730 1673 1794 inverso,

138 1828 315 1890 estque
342 1838 370 1871 c
395 1839 426 1870 a
449 1818 551 1870 foci
575 1819 719 1871 locus
745 1819 800 1870 in
826 1838 929 1890 quo
954 1817 1175 1888 proinde
1212 1819 1392 1871 oculus
1422 1820 1489 1884 Ο,
1530 1830 1673 1872 trans

135 1909 327 1961 vitrum
352 1909 560 1961 oculare
587 1909 632 1961 F
659 1909 732 1972 G,
760 1910 902 1961 videt
926 1911 1187 1979 objectum
1213 1910 1264 1961 A
1294 1909 1356 1973 C,-
1395 1930 1486 1963 seu
1511 1912 1675 1982 ipsius

135 2000 415 2070 imaginem
441 2018 472 2050 a
501 2017 545 2050 c.
624 1998 770 2050 Hinc
808 2000 851 2051 si
886 2000 940 2050 in
965 1999 1067 2051 foci
1092 2000 1208 2052 loco
1234 2019 1262 2051 c
1288 2020 1318 2051 a
1342 2001 1571 2069 positum
1609 2003 1676 2055 sit

136 2107 325 2157 corpus
350 2088 562 2159 aliquod
581 2107 817 2158 opacum,
848 2090 1028 2141 oculus
1055 2090 1186 2141 illud
1212 2090 1450 2142 distincte
1479 2093 1675 2145 videbit

136 2189 384 2249 tanquam
421 2179 623 2248 objecto
662 2178 715 2231 A
754 2178 817 2241 C,
859 2198 950 2231 seu
985 2178 1160 2248 potius
1196 2179 1412 2251 imagini
1447 2182 1555 2250 ejus
1589 2203 1620 2235 a
1644 2202 1674 2237 c

56 2310 65 2320 ,
137 2269 456 2340 contiguum.

211 2367 294 2412 36.
339 2359 418 2412 Sit
439 2358 487 2410 B
515 2358 756 2411 O'radius
783 2358 850 2410 ad
878 2359 928 2410 A
951 2358 996 2410 C
1021 2357 1270 2410 normalis
1297 2369 1349 2411 et
1372 2379 1468 2429 per
1493 2372 1672 2414 centra

139 2448 202 2502 H
221 2458 273 2501 et
293 2448 359 2500 M
374 2449 623 2500 vitrorum
643 2448 914 2511 transiens,
937 2448 1159 2518 ideoque
1175 2448 1485 2503 irrefractus.
1537 2453 1573 2504 J
1576 2472 1670 2504 un-

135 2550 287 2612 gatur
311 2548 452 2591 recta
479 2539 529 2591 A
552 2538 619 2601 O,
649 2547 700 2590 et
724 2537 983 2607 objectum
1011 2538 1061 2589 A
1090 2539 1153 2601 Β,
1182 2539 1334 2591 oculo
1360 2540 1503 2592 nudo
1530 2541 1672 2594 vide-

136 2626 279 2680 retur
322 2629 417 2680 sub
462 2628 655 2699 angulo
696 2628 748 2679 A
785 2627 836 2680 O
876 2628 939 2691 B,
978 2639 1155 2699 estque
1189 2630 1411 2698 proinde
1451 2633 1672 2702 angulus

139 2719 186 2771 A
212 2719 262 2771 O
285 2720 348 2782 B,
376 2718 681 2790 magnitudo
706 2737 961 2787 apparens
988 2719 1176 2788 objecti
1203 2721 1254 2771 A
1278 2721 1339 2772 Β.
1405 2721 1672 2783 Quoniam

137 2806 261 2881 vero
288 2808 419 2878 radii
445 2827 511 2859 ex
535 2808 740 2877 punctis
766 2809 1005 2880 imaginis
1031 2810 1066 2860 b
1087 2819 1137 2861 et
1156 2829 1187 2861 a
1210 2811 1456 2879 parallel&
1481 2831 1671 2881 propa-

137 2898 245 2969 gati
282 2898 597 2969 colliguntur
634 2918 665 2949 a
703 2899 835 2950 vitro
872 2899 1068 2951 oculari
1108 2898 1152 2951 F
1183 2901 1237 2953 G
1261 2902 1313 2952 in
1342 2903 1448 2971 ejus
1475 2902 1591 2956 foco
1618 2905 1670 2957 O

54 2973 56 2976 ,
138 2987 228 3038 ubi
247 2987 427 3039 oculus
447 2998 694 3052 versatur,
716 3008 837 3058 pars
863 2991 1051 3058 objecti
1078 2991 1129 3042 A
1159 2991 1222 3053 B,
1252 3010 1343 3043 seu
1363 2994 1469 3061 ejus
1496 2994 1671 3066 imago

140 3096 171 3129 a
186 3078 238 3140 b,
256 3077 461 3130 videtur
476 3078 572 3130 sub
592 3079 783 3150 angulo
802 3079 867 3131 M
886 3080 936 3132 O
956 3081 1019 3143 L,
1040 3091 1090 3131 et
1112 3084 1226 3149 (per
1245 3082 1420 3135 Probl.
1441 3085 1668 3138 XXXI.

144 3166 398 3220 Element.
426 3168 637 3237 Dioptr.
669 3169 879 3221 Clariss.
904 3169 1096 3235 Wolf.)
1124 3170 1368 3224 distantia
1392 3174 1493 3226 foci
1517 3177 1669 3231 lentis

140 3257 403 3326 objectivae
439 3260 500 3312 H
536 3260 589 3323 b,
629 3274 706 3311 est
730 3260 797 3311 ad
824 3260 1122 3314 distantiam
1146 3262 1248 3314 foci
1273 3264 1423 3317 lentis
1450 3269 1672 3321 ocularis

138 3344 175 3396 b
202 3345 284 3408 M,
311 3356 368 3398 ut
392 3348 611 3420 angulus
640 3349 706 3401 M
734 3349 785 3402 O
812 3349 862 3402 L
886 3350 954 3401 ad
979 3352 1230 3423 angulum
1256 3355 1307 3407 A
1330 3356 1380 3408 O
1403 3357 1466 3420 Β,
1496 3378 1588 3411 seu
1612 3369 1672 3411 ut

138 3434 441 3506 magnitudo
477 3457 732 3508 apparens
770 3430 1010 3512 imaginis
1036 3462 1067 3494 a
1090 3443 1126 3495 b
1152 3445 1219 3496 ad
1255 3448 1670 3517 magnitudinem

139 3534 475 3593 apparentem
513 3528 700 3599 objecti
741 3530 793 3582 A
835 3531 883 3583 Β
922 3532 1066 3584 nudo
1109 3535 1262 3588 oculo
1300 3537 1412 3600 visi,
1461 3557 1527 3590 ex
1566 3558 1673 3609 quo

139 3623 282 3682 patet
318 3614 459 3684 quod
493 3615 547 3667 in
584 3618 764 3670 eodem
791 3620 1072 3690 telescopio
1101 3626 1484 3696 magnitudines
1511 3649 1671 3699 appa·
1935 3692 1947 3703 ⁸
1991 3697 1998 3706 Ι

142 3712 311 3755 rentes
345 3704 663 3774 objectorum
700 3719 818 3761 sunt
852 3712 1266 3780 proportionales
1300 3720 1672 3789 magnitudini·
1787 3729 1889 3738 ”“““
1948 3742 1988 3787 0

141 3788 238 3845 bus
263 3793 547 3865 imaginum
571 3795 626 3847 in
650 3794 766 3849 foco
789 3800 1075 3868 positarum
1101 3813 1153 3857 et
1178 3814 1319 3858 trans
1344 3808 1533 3862 vitrum
1561 3814 1770 3870 oculare
1801 3818 2043 3875 visarum.
