2528 4172
152 253 334 305 LmER
361 251 657 315 Temnos]
735 250 1135 303 PRINCIPIA
1174 250 1789 306 MATHEMATICA.
2215 265 2275 309 51

500 511 991 565 1ΡΒΟΡΟΞΙΤΙΟ
1030 512 1219 583 XVII.
1296 514 1748 567 THEOREMA
1787 516 1914 567 XV.

149 669 471 718 Planetarum
491 673 660 722 ‚motus
694 666 898 717 diurnos
934 666 1198 733 anfformes
1234 686 1347 731 esse,
1388 677 1436 719 et
1471 669 1787 722 librationem
1823 670 1988 720 Lunae
2027 688 2086 719 ex
2123 670 2278 735 ipsius

952 763 1083 805 motu
1111 758 1290 808 diurno
1316 760 1461 808 oriri.
1627 744 1629 746 Ι

215 907 363 958 Patet
397 925 492 975 per
526 903 696 956 motus
728 905 896 975 legem
941 913 986 958 1.
1014 917 1065 958 et
1102 909 1275 961 Corol.
1306 916 1390 961 22.
1432 910 1590 980 Prop.
1622 911 1829 963 LXVI.
1858 911 1975 962 Lib.
2005 912 2048 963 I.
2124 912 2275 979 Jupi-

139 1005 219 1047 ter
253 997 431 1065 utique
470 1004 708 1063 respectu
745 995 969 1047 fixarum
1006 999 1283 1051 revolvitur
1319 1001 1460 1052 horis
1501 1010 1549 1054 9.
1578 1007 1677 1065 56²,
1717 1003 1865 1054 Mars
1891 1001 2032 1054 horis
2060 1009 2144 1054 24.
2174 1004 2273 1055 39'.

140 1085 318 1136 Venus
354 1085 495 1136 horis
537 1091 621 1135 23.
660 1083 877 1147 circiter,
908 1085 1084 1137 Terra
1109 1086 1249 1139 horis
1289 1095 1374 1140 23.
1404 1090 1503 1151 56',
1549 1091 1639 1142 Sol
1678 1091 1859 1142 diebus
1898 1094 1999 1156 25}
2037 1101 2088 1142 et
2121 1091 2276 1142 Luna

138 1173 316 1224 diebus
344 1178 428 1228 27.
458 1178 506 1227 7.
533 1171 646 1222 hor.
675 1172 775 1222 43'.
855 1173 992 1225 Haec
1030 1174 1103 1225 ita
1136 1195 1191 1227 se
1214 1176 1422 1241 habere,
1464 1196 1531 1229 ex
1563 1179 1920 1246 phaenomenis
1946 1180 2274 1232 manifestum

136 1273 226 1315 est.
280 1263 342 1331 (d)
374 1261 601 1314 Maculae
626 1261 680 1311 in
705 1279 922 1329 corpore
949 1263 1083 1314 Solis
1111 1264 1178 1315 ad
1203 1266 1426 1317 eundem
1453 1267 1608 1317 situm
1633 1267 1688 1318 in
1714 1267 1860 1319 disco
1892 1267 2026 1319 Solis
2053 1261 2273 1320 redeunt

952 1370 973 1396 θ

190 1414 295 1459 Quia
320 1413 409 1452 vero
435 1414 631 1462 problema
660 1414 758 1451 illud
788 1414 970 1462 supponit
989 1414 1076 1453 data
1095 1429 1176 1455 esse
1235 1420 1262 1457 S
1283 1419 1318 1457 T
1336 1425 1353 1456 t
1376 1426 1415 1457 et
1438 1418 1539 1457 latus
1563 1427 1579 1458 t
1600 1420 1648 1458 T.
1708 1420 1749 1458 Si
1773 1420 1902 1471 itaque
1927 1422 1974 1459 ab
1994 1423 2147 1472 angulis
2174 1422 2273 1460 datis

131 1467 204 1505 tria
229 1467 392 1516 planetae
411 1467 493 1504 loca
511 1467 687 1510 centrica,
717 1469 791 1505 hoc
810 1474 877 1512 est,
904 1480 950 1503 ex
973 1467 1062 1506 Sole
1081 1470 1172 1515 visa,
1233 1472 1270 1510 P
1290 1473 1326 1510 T
1349 1472 1375 1509 S
1402 1480 1440 1509 et
1468 1473 1502 1509 P
1520 1481 1536 1511 t
1558 1474 1594 1518 S,
1623 1473 1845 1511 auferantur
1863 1474 1998 1524 anguli
2026 1475 2107 1512 noti
2136 1484 2151 1513 t
2172 1477 2208 1513 T
2230 1476 2269 1519 S,

131 1520 312 1570 datasque
341 1532 474 1557 eorum
496 1534 519 1557 a
547 1520 635 1557 Sole
658 1520 868 1563 distantiaS‚
898 1520 960 1556 hic
985 1521 1175 1572 adjunge-
1234 1525 1297 1563 Tt
1313 1527 1348 1570 S,
1370 1525 1566 1562 dabuntur
1583 1526 1718 1576 anguli
1742 1527 1775 1564 P
1792 1527 1827 1564 T
1841 1534 1858 1564 t
1875 1535 1914 1564 et
1937 1528 1969 1564 P
1984 1535 1999 1564 t
2016 1528 2077 1574 T3
2107 1528 2212 1566 unde
2230 1528 2270 1564 in

130 1586 218 1610 mus
248 1572 471 1610 methodum
509 1570 584 1622 qua
616 1573 758 1611 clariss.
782 1571 967 1609 Halleius
999 1587 1045 1610 ex
1086 1575 1175 1613 dato
1230 1578 1424 1629 triangulo
1450 1578 1484 1615 P
1503 1585 1519 1615 t
1540 1580 1576 1617 T
1595 1592 1641 1616 ex
1661 1579 1758 1615 datis
1776 1579 1929 1629 angulis
1947 1579 2027 1617 una
2045 1593 2135 1617 cum
2155 1581 2272 1618 latere

131 1636 303 1673 tempore
340 1624 545 1674 periodico‚
593 1624 757 1673 planetae
794 1625 926 1662 locum
961 1627 1174 1666 centricum
1234 1631 1270 1668 T
1298 1639 1326 1677 t,
1364 1631 1574 1669 innotescet
1614 1632 1649 1669 P
1680 1633 1728 1670 T.
1807 1631 1963 1669 Deinde
1999 1633 2040 1669 in
2076 1633 2272 1684 triangulo

130 1681 287 1728 ejusque
314 1691 337 1716 a
368 1678 455 1716 Sole
474 1678 675 1715 distantias
693 1678 863 1715 invenire
882 1678 1028 1717 docuit.
1092 1682 1172 1718 Re-
1232 1684 1266 1721 P
1288 1685 1326 1722 T
1346 1685 1383 1729 S,
1407 1684 1547 1721 dantur
1565 1684 1683 1722 latera
1704 1685 1739 1722 P
1761 1685 1808 1731 T,
1832 1686 1868 1722 T
1891 1686 1917 1722 S
1939 1698 2027 1722 cum
2049 1687 2193 1736 angulo
2212 1688 2269 1723 in.

129 1733 226 1769 ferat
247 1732 283 1770 T
297 1738 313 1769 t
332 1731 368 1769 A
387 1731 549 1769 orbitam
572 1731 749 1778 Telluris,
775 1732 801 1769 S
825 1730 968 1778 Solem,
990 1733 1114 1784 sitque
1137 1735 1173 1773 P
1229 1743 1398 1786 tercepto
1429 1737 1464 1774 P
1487 1739 1523 1775 T
1544 1739 1582 1784 S,
1610 1738 1773 1787 ideoque
1792 1737 1946 1775 dabitur
1968 1739 1994 1775 S
2016 1739 2063 1784 P,
2090 1752 2176 1789 quae
2196 1739 2272 1776 dis-

1230 1792 1352 1828 tantia
1369 1791 1533 1840 planetae
1552 1804 1575 1828 a
1596 1791 1683 1828 Sole
1698 1798 1845 1828 curtata
1859 1791 2085 1839 appellatur,
2106 1800 2144 1830 et
2158 1799 2273 1829 notus

1229 1842 1296 1879 fiet
1314 1844 1483 1894 angulus
1504 1845 1540 1881 T
1564 1845 1589 1881 S
1612 1844 1657 1888 P,
1679 1858 1727 1881 ex
1747 1856 1824 1893 quo
1843 1844 1996 1881 dabitur
2014 1844 2121 1881 locus
2140 1844 2272 1893 plane—

1229 1903 1279 1933 tae
1302 1897 1605 1934 heliocentricus.
1667 1897 1741 1934 Est
1766 1904 1895 1934 autem
1917 1899 1982 1948 (ex
2001 1898 2166 1947 trigon.)
2188 1906 2272 1936 tan-

1228 1961 1325 1998 gens
1343 1950 1558 1987 latitudinis
1582 1950 1834 2000 geocentricae
1856 1950 2022 1998 planetae
2042 1950 2090 1987 ad
2111 1960 2271 2000 tangen-

1228 2008 1308 2039 tem
1326 2002 1539 2040 latitudinis
1557 2002 1837 2040 heliocentricae
1852 2010 1897 2039 ut
1910 2002 2090 2040 distantia
2107 2003 2271 2051 planetae

1228 2067 1253 2091 a
1274 2055 1361 2093 Sole
1386 2064 1533 2093 curtata
1557 2055 1606 2092 ad
1633 2055 1853 2092 distantiam
1876 2055 2048 2105 ejusdem
2068 2069 2091 2093 a
2113 2055 2272 2094 Tellure

1230 2116 1431 2154 curtatam‚
1452 2109 1516 2145 sed
1535 2121 1603 2157 per
1621 2108 1934 2153 observationem,
1956 2116 2046 2145 nota
2065 2116 2122 2145 est
2140 2109 2269 2146 latitu-

1231 2159 1282 2196 do
1296 2161 1535 2211 geocentrica
1549 2162 1724 2209 planetae,
1742 2159 1859 2210 quare
1874 2161 2085 2199 innotescet
2103 2161 2268 2209 planetae

1229 2212 1392 2251 latitudo
1410 2214 1678 2251 heliocentrica
1696 2226 1742 2250 ex
1762 2211 1840 2263 qua
1857 2214 1973 2250 simul.
1992 2222 2030 2251 et
2048 2212 2228 2251 distantia
2246 2226 2269 2251 a

1232 2266 1320 2304 Sole
1347 2266 1495 2305 curtata
1522 2267 1694 2304 elicietur
1719 2267 1883 2314 planetae
1910 2279 1933 2302 a
1961 2267 2050 2303 Sole
2078 2280 2165 2303 vera
2192 2266 2268 2304 dis-

1227 2320 1358 2363 tantia,
1391 2327 1429 2357 et
1452 2319 1567 2357 simili
1594 2319 1711 2357 modo
1738 2332 1826 2356 vera
1852 2319 2032 2357 distantia
2056 2319 2220 2367 planetae
2245 2333 2270 2357 a

1230 2371 1363 2418 Terra,
1402 2373 1508 2410 uude
1543 2372 1700 2409 tandem
1736 2373 1777 2408 in
1816 2372 2011 2422 triangulo
2047 2373 2159 2421 cujus
2195 2373 2269 2409 tria

1226 2434 1370 2474 puncta
1397 2427 1487 2463 suxit
1515 2425 1592 2471 Sol,
1626 2425 1746 2462 Terra
1763 2432 1801 2462 et
1818 2425 1982 2473 planeta,
2003 2425 2133 2462 omnia
2151 2425 2269 2462 latera

1226 2486 1317 2515 sunt
1349 2478 1513 2528 cognita.
1594 2476 1687 2515 Hac
1722 2477 1890 2515 ratione.
1906 2478 2069 2514 obtineri
2105 2485 2268 2525 possunt

1225 2532 1328 2569 varia
1347 2531 1431 2569 loca
1450 2531 1615 2569 centrica
1632 2531 1808 2579 planetae,
1829 2529 2019 2580 variaeque
2037 2543 2060 2567 a
2083 2530 2170 2568 Sole
2189 2530 2265 2568 dis·

1224 2585 1367 2622 tantiae.

1282 2635 1478 2675 Caeterum
1505 2638 1588 2675 haec
1606 2636 1693 2675 fuse
1712 2636 1899 2687 variisque
1917 2636 2095 2674 adhibitis
2114 2637 2262 2674 metho-

1226 2690 1296 2734 dis,
1330 2690 1516 2739 explicata
1547 2692 1790 2739 reperiuntur
1822 2690 1863 2726 in
1896 2689 2187 2727 Introductione
2215 2689 2265 2727 ad

1228 2743 1370 2780 Veram
1394 2743 1597 2791 Physicarn
1616 2743 1781 2781 ,Ioannis
1809 2742 1929 2787 Keiu,
1950 2742 1989 2778 in
2013 2740 2264 2779 Astronomia

1227 2795 1396 2849 Physica
1436 2795 1597 2833 Davidis
1637 2795 1826 2845 Gregorii,
1870 2802 1908 2832 et
1944 2795 2183 2843 potissimum
2221 2795 2263 2831 in

1227 2848 1443 2887 Elemeutis
1474 2848 1754 2889 Astronomicis
1784 2861 1808 2885 a
1836 2847 1978 2886 clariss.
2007 2848 2166 2886 Cassino
2187 2859 2261 2884 nu-

1253 2914 1293 2938 er
1310 2902 1431 2939 editis.

1223 2914 1250 2954 p
1279 2954 1332 3006 (d)
1351 2957 1373 2979 ²*
1391 2955 1562 2997 Maculae
1579 2957 1621 2994 in
1639 2967 1788 3004 corpore
1807 2955 1907 2993 Solis.
1954 2952 2056 2991 Ciun
2076 2952 2263 2990 revolutio

127 3006 280 3055 planeta
303 3022 370 3048 seu
398 3010 529 3059 potius
554 3011 666 3048 locus
689 3013 854 3060 planetae
880 3010 929 3048 ad
954 3009 1169 3058 eclipticam

127 3059 317 3109 reductus,
347 3063 424 3101 sive
448 3071 638 3112 punctum,
665 3066 733 3102 ubi
765 3062 1090 3113 perpendicularis
1121 3073 1169 3099 ex

128 3112 281 3160 planeta
316 3116 357 3152 in
393 3117 547 3163 planam
585 3117 774 3166 ecliptica>
811 3114 975 3155 demissa
1016 3113 1162 3151 incidit.

133 3164 305 3204 Ponatur
339 3168 477 3208 Tellus.
508 3172 553 3206 in
585 3169 636 3215 T,
671 3172 967 3219 observeturque
1004 3168 1168 3216 planetae

130 3216 331 3266 longitudo
357 3222 609 3271 geocentrica,
636 3234 683 3259 ex
709 3222 798 3260 data
819 3220 965 3260 theoria
987 3219 1166 3263 Telluris,

132 3269 283 3308 dabitur
305 3272 506 3323 longitudo
534 3287 719 3326 apparens
741 3275 848 3318 Solis,
879 3273 1042 3324 ide6que
1062 3271 1168 3309 dabi-

131 3328 197 3358 tur
214 3324 381 3374 angulus
403 3326 436 3364 P
455 3328 491 3364 T
508 3327 545 3364 S.
608 3327 703 3364 Post
721 3328 908 3379 integram
928 3328 1090 3376 planetae
1110 3337 1168 3361 re-

132 3374 378 3420 volutionem,
409 3378 560 3426 planeta
577 3380 708 3417 rursus
733 3381 804 3417 erit
828 3381 869 3417 in
903 3381 946 3425 P,
977 3392 1054 3429 quo
1072 3385 1169 3415 tem-

132 3438 224 3474 pore
245 3428 379 3466 Tellus
396 3431 444 3468 sit
467 3431 506 3467 in
533 3439 559 3476 t,
588 3445 635 3469 ex
655 3445 700 3469 eo
720 3441 863 3481 puncto
882 3433 1022 3470 iterum
1041 3432 1170 3468 obser-

132 3487 243 3516 vetur
277 3480 442 3529 planeta,
480 3484 770 3536 inveniaturque
811 3485 977 3536 angulus
1017 3485 1051 3522 P
1087 3490 1103 3520 t
1142 3482 1169 3519 S

133 3531 326 3582 elongatio
356 3534 514 3581 planetae
546 3548 568 3572 a
604 3537 703 3575 Sole.
775 3538 838 3575 Ex
869 3538 968 3575 datis
995 3540 1169 3574 observa-

133 3584 283 3622 tionum
302 3588 517 3631 momentis.
546 3587 686 3632 dantur
703 3590 787 3627 loca
807 3590 975 3634 Telluris
993 3590 1035 3626 in
1053 3587 1170 3635 eclip-

133 3636 209 3674 tica
226 3650 248 3674 e
270 3638 356 3676 Sole
377 3639 454 3676 visa
472 3640 628 3690 ejusque
647 3655 670 3678 a
691 3643 778 3680 Sole
796 3642 997 3688 distantiae,
1018 3654 1062 3678 ac
1081 3652 1170 3689 pro-

133 3688 225 3727 inde
243 3691 284 3727 in
302 3691 496 3740 triangulo
520 3701 536 3729 t
558 3694 583 3729 S
605 3693 650 3736 T,
678 3693 817 3732 dantur
834 3695 951 3732 latera
980 3704 995 3732 t
1017 3695 1055 3740 S,
1089 3693 1115 3730 S
1135 3691 1170 3728 T

135 3748 175 3779 et
186 3743 386 3794 angulus-t
400 3744 427 3782 S
441 3744 488 3792 T,
507 3744 622 3796 quare
641 3746 883 3785 invenientur
895 3746 1031 3798 anguli
1053 3747 1079 3785 S
1090 3752 1106 3783 t
1122 3744 1169 3790 T,

1164 3812 1239 3851 F4

1223 3008 1464 3045 macularum
1492 3006 1592 3044 circa
1622 3008 1751 3046 Solem
1770 3007 1818 3044 sit
1835 3006 2045 3043 admodum
2064 3006 2259 3054 regularis,

1224 3068 1263 3097 et
1287 3059 1449 3097 maculae
1476 3060 1569 3109 ipsae
1593 3061 1654 3097 vel
1680 3061 1760 3098 Soli
1784 3066 2032 3107 supernatent
2051 3058 2110 3094 vel
2129 3071 2151 3094 a
2173 3058 2261 3095 Sole

1223 3126 1359 3162 parum
1389 3112 1531 3151 distent
1560 3112 1647 3165 (69)
1686 3125 1764 3150 non
1796 3111 1957 3149 maculae
1986 3108 2086 3147 circa
2119 3110 2260 3156 Solem,

1224 3166 1291 3203 sed
1326 3165 1389 3203 Sol
1443 3165 1524 3214 ipse
1553 3166 1629 3216 25—,15
1657 3165 1805 3202 dierum
1832 3165 1953 3211 spatio
1977 3164 2133 3207 circiter,
2162 3162 2263 3201 circa

1223 3218 1419 3267 proprium
1452 3231 1563 3256 axem
1592 3226 1702 3255 motu
1726 3216 1922 3266 vertiginis
1945 3223 2133 3253 movetur.
2189 3216 2259 3254 Jo-

1224 3284 1322 3318 vem,
1346 3271 1538 3308 Venerem
1557 3278 1595 3308 et
1614 3271 1784 3308 Martem
1803 3267 1903 3306 circa
1927 3281 2037 3305 axem
2056 3281 2169 3305 suum
2188 3282 2260 3319 gy·

1224 3337 1307 3362 rare
1332 3335 1377 3361 ex
1405 3324 1566 3361 maculis
1584 3335 1736 3372 quoque
1753 3321 1794 3358 in
1812 3323 1995 3358 horumce
2019 3321 2261 3369 planetarum

1226 3378 1446 3426 corporibus
1472 3389 1540 3424 per
1566 3376 1666 3413 vices
1683 3375 1724 3411 in
1742 3381 1989 3423 conspectum
2011 3374 2262 3411 redeuntibus

1226 3430 1430 3480 colligitur.
1492 3429 1540 3466 In
1569 3427 1765 3465 MercurIO
1789 3434 1919 3464 autem
1938 3427 2005 3476 qui
2027 3427 2107 3465 Soli
2131 3427 2259 3475 proxi-

1226 3494 1314 3519 mus
1341 3490 1407 3524 est,
1437 3483 1487 3519 ob
1512 3481 1677 3517 nimium
1704 3480 1862 3516 luminis
1886 3479 2142 3527 splendorem,
2163 3479 2260 3516 etin

1230 3536 1396 3572 Saturno
1420 3537 1470 3572 ob
1496 3534 1704 3569 maximam
1727 3532 1808 3582 ejus
1832 3545 1855 3569 a
1889 3531 2009 3569 Terra
2040 3532 2261 3570 distantiam

1224 3587 1388 3624 maculae
1416 3586 1535 3622 nullae
1564 3586 1749 3622 hactenus
1784 3585 2015 3633 deprehendi
2051 3592 2263 3634 potuerunt

1224 3638 1364 3689 quibus
1382 3638 1696 3676 determinaretur
1714 3650 1849 3675 eorum
1867 3638 2027 3688 vertigo.
2076 3638 2262 3675 Attamen

1224 3691 1280 3728 nil
1298 3693 1421 3728 obstat
1438 3690 1643 3740 quominus
1662 3703 1708 3727 ex
1728 3691 1915 3740 analogiae
1933 3691 2020 3740 lege
2037 3691 2264 3740 colligamus

1230 3744 1472 3782 Mercurium
1505 3755 1659 3794 quoque
1694 3751 1734 3781 et
1772 3744 1982 3782 Saturnum
2017 3742 2116 3781 circa
2152 3754 2263 3780 axem
