2528 4172
608 246 923 301 FLUXUS
961 245 1062 298 AC
1109 242 1529 297 REFLUXUS
1569 238 1832 295 MARIS.
2183 245 2286 292 259

141 392 478 444 conversione
516 383 694 442 circuli
732 391 783 442 A
811 384 950 441 M'B
988 389 1123 440 circa
1150 389 1460 440 diametrum
1491 387 1541 439 A
1571 388 1647 449 133
1688 387 1853 456 sitque
1880 383 2285 436 semi-diameter

123 482 190 534 *A
219 481 263 533 C
299 503 350 528 =
388 481 434 533 B
467 481 511 531 C
547 500 598 527 =
633 498 687 541 r;
726 480 824 531 erit
848 479 960 547 ipsa
994 477 1291 546 superficies
1327 498 1378 524 =
1414 484 1505 543 2⁹?
1529 494 1556 526 r
1580 494 1622 527 r.
1698 476 1816 527 Jam
1844 473 2131 525 attrahatur
2168 472 2283 524 haec

123 572 437 642 superficies
463 572 531 623 ad
560 572 731 624 Solem
759 571 1027 622 Lunamve
1062 570 1114 619 in
1157 570 1210 631 S,
1250 568 1499 619 existente
1526 566 1763 618 distantia
1796 567 1832 618 S
1861 565 1907 617 C
1943 586 1993 612 z
2029 583 2086 626 a3
2127 573 2281 633 atque

138 662 206 713 ad
232 661 336 712 vim
362 661 571 712 totalem
597 679 685 711 seu
712 668 953 711 conatum
980 677 1083 727 quo
1110 658 1311 728 integra
1338 655 1633 724 superficies
1666 655 1733 707 ad
1773 656 1810 707 S
1849 653 2042 716 tendet,
2082 652 2280 705 inveni-

136 753 344 814 endum,
373 751 693 819 concipiatur
718 749 941 801 annulus
966 749 1171 820 genitus
1199 746 1534 799 conversione
1560 746 1801 797 elementi
1839 745 1904 797 M
1929 763 1982 795 m
2008 744 2143 795 circa
2169 744 2278 795 dia-

134 849 356 892 metrum
396 841 445 892 A
475 840 537 902 B,
579 857 696 909 quae
731 848 976 906 protensa
1012 855 1108 905 per
1148 838 1185 888 S
1222 845 1462 887 transeat.
1556 835 1745 887 Positis
1788 835 1946 906 igitur
1990 837 2027 888 S
2056 837 2100 887 P
2136 856 2187 884 =
2221 855 2274 900 x,

136 933 181 985 P
199 931 263 983 M
292 936 343 978 .-.‘.
370 950 420 1000 y,
462 930 558 981 erit
592 947 686 997 per
723 933 760 995 §.
788 927 1012 996 praeced.
1041 936 1255 978 conatus
1291 924 1444 994 hujus
1471 926 1649 976 annuli
1684 925 1739 976 in
1773 925 2130 978 directioneP
2152 927 2189 980 S
2215 947 2267 974 =

131 1022 529 1105 Q.
605 1019 2276 1123 Atposstopp:dx,eritMm=¹'dX,etxx÷yy

132 1110 240 1174 (xx
267 1114 319 1166 ÷
346 1108 505 1178 yy){
1718 1124 1753 1175 y

139 1214 191 1241 .··:
226 1200 257 1243 2
285 1213 315 1244 a
339 1212 376 1244 x
401 1226 471 1234 --
497 1215 528 1247 a
553 1216 583 1248 a
616 1206 669 1260 -Ι-
703 1217 731 1249 1·
755 1217 797 1261 r,
834 1198 974 1250 unde
1011 1196 1188 1248 annuli
1226 1205 1438 1246 conatus
1465 1212 1578 1283 ver·
1999 1273 2024 1307 S

129 1313 217 1365 sus
248 1316 285 1367 S
311 1317 408 1368 erit
441 1338 494 1365 =
665 1309 698 1336 ’π
726 1288 763 1339 S
789 1307 816 1337 Υ
840 1306 877 1338 X
902 1288 998 1338 dx
1098 1355 1142 1398 3,
1163 1318 1307 1389 cujus
1327 1316 1578 1386 integrale

530 1354 1125 1439 W

486 1460 1204 1548 vrSr(ax—-aa†rr)q
1245 1510 1311 1544 ex
1345 1510 1450 1562 quo
1487 1509 1574 1543 co-

484 1543 1225 1612 a24l(2ax—aa÷rr‘)
1996 1602 2049 1640 A

123 1646 288 1701 natus⁵
339 1637 592 1705 portionis
659 1634 952 1704 superficiei
1020 1636 1289 1705 sphaericae
1363 1657 1573 1691 conver-

1220 1751 1254 1779 π
1296 1729 1333 1781 S
1378 1748 1405 1779 r
1447 1747 1474 1779 r
1512 1769 1566 1823 -Ι-
1654 1761 1720 1799 M
1752 1655 2268 1785 *hu

1664 1812 1710 1834 :m
2245 1805 2276 1828 n

128 1492 453 1555 est=C÷

124 1760 266 1812 sione
303 1779 452 1812 arcus
496 1761 548 1812 A
573 1759 638 1812 M
680 1768 808 1810 ortae
851 1759 1082 1826 prodibit
1129 1782 1180 1809 =

1304 1831 1389 1862 aa

121 1903 834 1973 errSr(ax—-aa-†-rr)

131 2099 183 2125 =
223 2079 262 2130 S
299 2077 345 2129 B
381 2095 473 2128 seu
522 2095 560 2127 x
606 2097 657 2124 =
704 2096 735 2127 a
781 2085 834 2139 -ξ-
879 2096 922 2141 r,
966 2091 1195 2151 emerget
1235 2089 1449 2132 conatus
1492 2089 1571 2131 to-

1076 2171 1335 2224 erSrr

842 1974 854 1987 .
932 1935 1110 1997 Quare
1136 1937 1180 1989 si
1203 1945 1428 2006 ponatur
1461 1936 1499 1989 S
1530 1936 1572 1988 P

121 2198 221 2250 tius
279 2197 570 2267 superficiei
638 2197 904 2267 sphaericae
965 2222 1017 2248 =
1354 2223 1365 2256 z
1418 2203 1643 2273 hincque
1956 2231 1992 2274 B

1163 2273 1192 2307 a
1218 2274 1249 2305 a

122 2338 241 2392 cum
279 2341 394 2409 ipsa
431 2340 728 2410 superficies
767 2341 832 2393 sit
866 2362 917 2389 =
953 2348 984 2394 2
1011 2364 1044 2392 «7.-
1066 2361 1094 2393 r
1120 2361 1161 2406 r,
1209 2344 1306 2396 erit
1342 2345 1417 2396 vis
1455 2344 1790 2396 acceleratrix
1828 2344 1929 2415 quii
1968 2346 2267 2415 superficies

121 2463 375 2533 sphaerica
398 2473 517 2516 actu
542 2462 719 2515 versus
748 2465 786 2518 S
812 2465 990 2518 tendet
1023 2488 1075 2514 =
1112 2437 1199 2569 ,ξ-
1216 2506 1231 2531 ,
1260 2468 1482 2539 ideoque
1508 2479 1667 2533 tanta,
1695 2481 1888 2538 quanta
1913 2470 2061 2534 foret,
2090 2472 2133 2522 si
2159 2481 2265 2524 tota

1169 2538 1200 2571 a

118 2611 416 2680 superficies
442 2612 495 2663 in
522 2622 700 2664 centro
730 2613 775 2666 C
800 2624 934 2666 esset
959 2614 1188 2668 collecta.

191 2707 229 2768 §.
257 2708 343 2754 21.
386 2701 523 2753 Cum
559 2703 717 2773 igitur
754 2704 1053 2772 superficies
1080 2706 1333 2775 sphaerica
1371 2708 1588 2777 perinde
1614 2709 1680 2760 ad
1721 2709 1896 2761 Solem
1923 2708 2027 2759 sive
2056 2707 2264 2758 Lunam

117 2793 172 2843 in
201 2794 238 2845 S
265 2794 581 2857 sollicitetur,
611 2813 670 2846 ac
699 2796 741 2845 si
767 2805 874 2847 tota
899 2796 952 2846 in
979 2797 1094 2865 ipso
1120 2808 1299 2850 centro
1325 2809 1457 2851 esset
1482 2800 1718 2862 conflata,
1750 2799 1862 2850 haec
1886 2799 2175 2867 proprietas
2196 2797 2262 2848 ad

120 2901 300 2938 omnes
328 2884 625 2952 superficies
652 2884 948 2952 sphaericas,
977 2905 1044 2937 ex
1070 2887 1255 2956 quibus
1292 2888 1495 2959 integra
1520 2888 1723 2956 sphaera
1748 2888 2034 2956 composita
2058 2887 2262 2955 concipi

120 2984 306 3042 potest,
344 2975 556 3044 patebit,
597 2975 882 3028 dummodo
916 2976 1133 3048 singulae
1157 2977 1241 3029 hae
1267 2979 1565 3047 superficies
1593 2997 1659 3030 ex
1684 2977 1897 3030 materia
1935 2977 2259 3048 homogenea

118 3073 366 3128 constent,
396 3065 500 3116 sive
527 3064 668 3135 quod
694 3065 876 3116 eodem
902 3065 1053 3128 redit,
1081 3066 1193 3134 ipsa
1219 3066 1425 3135 sphaera
1451 3068 1505 3118 in
1537 3067 1718 3118 iisdem
1745 3086 1776 3118 a
1802 3076 1980 3125 centro
2006 3066 2261 3118 distantiis

117 3154 182 3205 sit
205 3153 351 3223 aeque
378 3154 552 3207 densa.
631 3155 791 3206 Hanc
817 3155 884 3207 ob
908 3174 1020 3208 rem
1045 3156 1296 3224 ejusmodi
1334 3157 1539 3231 sphaera
1566 3177 1772 3228 quoque
1796 3158 2013 3226 perinde
2038 3157 2105 3209 ad
2134 3158 2171 3211 S
2204 3158 2257 3209 in

117 3244 398 3296 directione
426 3245 471 3296 P
500 3247 537 3297 S
563 3245 849 3316 urgebitur,
878 3263 939 3296 ac
964 3245 1007 3297 si
1043 3253 1153 3297 tota
1187 3246 1348 3314 ipsius
1374 3247 1589 3299 materia
1613 3247 1667 3297 in
1694 3258 1874 3298 centro
1904 3247 1949 3299 C
1975 3257 2109 3299 esset
2135 3265 2259 3299 con-

116 3345 374 3399 centrata3
412 3336 628 3406 haecque
663 3336 954 3406 proprietas
991 3355 1099 3387 non
1138 3335 1306 3388 solum
1341 3338 1396 3388 in
1433 3337 1686 3407 ejusmodi
1726 3337 1955 3406 sphaeras
1994 3338 2255 3407 competit,

115 3441 232 3492 quae
268 3434 392 3476 totae
429 3444 495 3476 ex
531 3424 746 3476 materia
772 3425 1016 3477 uniformi
1042 3435 1163 3477 sunt
1188 3426 1452 3490 confectae,
1490 3426 1581 3478 sed
1607 3428 1761 3478 etiam
1788 3438 1846 3478 ut
1874 3428 1985 3497 jam
2011 3427 2257 3480 indicavi-

114 3531 245 3576 mus,
273 3514 326 3564 in
351 3514 495 3578 tales,
524 3532 641 3584 quae
667 3533 733 3567 ex
756 3515 969 3568 materia
996 3525 1232 3567 constant
1257 3516 1812 3579 difformi‚‘dun1modo
1839 3517 1894 3567 in
1920 3518 2206 3587 aequalibus
2227 3538 2258 3569 a

115 3613 294 3658 centro
313 3605 579 3668 distantiis,
607 3607 823 3658 materia
841 3606 1242 3683 circumquaque
1263 3607 1329 3658 sit
1353 3607 1677 3677 homogenea
1703 3626 1793 3658 seu
1820 3608 2001 3660 saltem
2028 3609 2258 3678 ejusdem

115 3693 397 3747 densitatis.
477 3694 613 3747 Cum
651 3696 808 3767 igitur
833 3697 1055 3750 Terram
1082 3697 1178 3748 sibi
1214 3708 1587 3766 reprrsentare
1623 3698 1775 3751 liceat
1800 3709 2049 3770 tanquam
2087 3700 2257 3768 sphae-

109 3801 243 3848 ram,
285 3784 325 3836 si
370 3803 477 3836 non
514 3804 580 3837 ex
614 3785 857 3838 uniformi
894 3787 1106 3840 materia
1147 3788 1440 3852 conflatam,
1480 3798 1653 3841 tamen
1690 3790 1800 3851 sine
1838 3790 1946 3841 ullo
1979 3807 2154 3841 errore
2187 3788 2258 3840 ita

1150 3878 1185 3916 T
1204 3883 1228 3916 4
