2528 4172
276 295 386 348 xxii
1074 299 1625 353 [NTRODUCTIO
2153 301 2301 364 ‘CAR
2330 300 2405 351 ΙΙ.

344 445 429 490 24.
473 439 530 491 Si
566 438 917 509 atmosphaera
948 440 993 492 C
1023 440 1080 491 X
1109 440 1153 492 F
1183 441 1233 493 O
1263 440 1327 492 M
1356 441 1406 492 A
1434 441 1615 492 Terrae
1642 440 1694 492 A
1719 440 1774 492 D
1803 440 1868 492 M
1895 439 2217 502 circumfusa,
2246 440 2409 492 divisa

267 529 584 599 intelligatur
610 528 664 579 in
688 529 986 581 innumeras
1011 529 1309 598 superficies
1339 529 1617 598 sphaericas
1643 528 1840 580 telluris
1867 528 2156 597 superfiCIei
2190 548 2408 581 concen-

265 619 420 670 trieas
452 618 496 669 C
523 617 580 668 X
608 617 653 669 F
683 617 750 680 O,
781 617 828 669 Β
849 618 900 670 V
920 618 967 670 E
989 618 1042 670 N
1067 619 1155 671 ae‘r
1181 618 1315 673 inter
1340 618 1468 670 duas
1492 617 1788 688 hujusmodi
1813 617 2110 688 superficies
2138 628 2407 672 contentus

265 717 316 759 et
388 707 519 759 a'e‘ris
585 707 866 776 superioris

261 797 493 866 pondere
532 815 858 866 compressus

263 887 326 939 eo
369 887 579 938 densior
623 887 721 938 erit
757 885 862 957 quo

247 974 434 1043 *minus
463 996 493 1027 a
517 976 714 1028 telluris
741 995 862 1030 cen-

260 1076 347 1117 tro
386 1065 438 1116 T
481 1065 706 1116 distabit.
785 1066 864 1118 Sit

268 1154 309 1206 Z
329 1155 366 1206 S
386 1154 447 1206 H
466 1154 687 1207 circulus
706 1154 861 1206 verti·
914 1165 916 1168 ’

261 1243 384 1296 calis
412 1263 478 1295 ex
504 1253 684 1295 centro
709 1242 862 1295 tellu-

259 1335 329 1386 ris
361 1335 412 1386 T
438 1334 744 1403 descriptus,
780 1352 863 1385 ar-

266 1445 355 1477 cus
397 1426 433 1478 S
462 1425 523 1476 H
549 1425 769 1476 altitudo
795 1425 863 1476 si-

268 1515 404 1566 deris
445 1516 481 1566 S
526 1533 681 1584 supra
722 1514 864 1565 hori-

266 1615 472 1656 zontem
558 1605 865 1657 rationalem

268 1696 321 1748 T
348 1696 424 1758 H,
451 1706 507 1748 et
534 1697 576 1748 Z
606 1698 643 1750 S
669 1697 865 1748 distan-

258 1786 330 1837 tia
374 1786 556 1837 sideris
609 1806 639 1837 a
674 1786 864 1838 vertice

262 1875 322 1927 Z.
400 1876 456 1927 Si
510 1875 689 1926 radius
731 1875 863 1926 lucis

265 1966 304 2017 S
339 1965 396 2016 X
423 1984 452 2016 e
477 1965 645 2016 sidere
675 1965 713 2018 S
737 1983 861 2034 pro-

259 2066 477 2126 pagatus
498 2055 691 2107 incidat
707 2055 762 2107 in
779 2065 857 2107 at-

258 2145 613 2214 mosphaeram
638 2146 693 2195 in
717 2146 791 2208 X,
819 2146 863 2196 is

262 2234 575 2305 refringetur
599 2235 654 2286 in
682 2235 739 2286 X
763 2253 859 2304 per

263 2323 322 2374 X
363 2324 414 2374 V
459 2324 753 2376 accedendo
791 2324 859 2375 ad

259 2414 699 2466 semidiametrum
746 2414 798 2465 T
844 2413 902 2465 X
945 2410 1236 2482 superficiei
1284 2411 1552 2481 sphaericae
1591 2411 1637 2464 C
1675 2409 1735 2462 X
1772 2409 1816 2462 F
1842 2409 1893 2463 O
1929 2408 2407 2479 perpendicularem

259 2506 374 2574 (23)
420 2516 471 2557 et
513 2505 759 2575 quoniam
803 2505 936 2556 a'eris
981 2504 1208 2555 densitas
1247 2503 1301 2553 in
1339 2501 1392 2553 V
1425 2503 1590 2571 major
1625 2510 1702 2553 est
1743 2498 1900 2571 quam
1941 2501 1996 2552 in
2040 2500 2098 2552 X
2141 2500 2316 2551 radius
2352 2500 2407 2550 in

257 2603 460 2661 puncto
485 2594 551 2656 V,
581 2591 872 2661 superficiei
901 2591 947 2642 B
974 2591 1025 2642 V
1053 2590 1100 2641 E
1126 2587 1308 2641 rursus
1333 2588 1647 2659 refringetur
1673 2587 1967 2640 accedendo
1993 2587 2060 2639 ad
2087 2588 2139 2639 T
2164 2588 2231 2650 V,
2253 2585 2407 2657 atque

257 2680 331 2733 ita
369 2681 615 2733 continuo
651 2681 1006 2737 incurvabitur
1031 2689 1083 2731 et
1107 2680 1163 2730 in
1188 2679 1382 2730 lineam
1422 2678 1479 2730 X
1517 2679 1568 2730 V
1596 2679 1645 2730 A
1672 2677 1851 2730 versus
1877 2679 1929 2730 T
1954 2697 2132 2730 cavam
2154 2678 2404 2729 flectetur.

261 2772 421 2824 Hanc
447 2791 658 2824 curvam
682 2781 863 2843 tangat
888 2771 942 2821 in
970 2772 1020 2822 A
1046 2780 1189 2821 recta
1213 2771 1263 2821 A
1285 2790 1325 2833 S,
1355 2770 1550 2821 circulo
1574 2770 1803 2822 verticali
1830 2770 1874 2822 Z
1902 2770 1962 2822 H
1987 2788 2263 2822 occurrens
2288 2769 2342 2819 in
2362 2788 2403 2830 S,

258 2872 311 2914 et
347 2863 592 2933 quoniam
629 2861 803 2913 radius
839 2862 970 2913 lucis
1012 2862 1050 2913 S
1088 2861 1144 2912 X
1186 2861 1236 2912 V
1264 2862 1315 2912 A
1355 2861 1566 2913 oculum
1603 2863 1902 2931 spectatoris
1938 2863 1993 2913 in
2032 2863 2082 2913 A
2119 2860 2406 2932 ingreditur

259 2952 544 3004 secundum
569 2951 908 3003 directionem
932 2950 1196 3020 tangentis
1225 2950 1276 3001 A
1304 2968 1345 3013 s,
1374 2950 1531 3013 sidus,
1561 2950 1702 3020 quod
1726 2960 1803 3001 est
1827 2949 2006 3001 revera
2033 2951 2087 3001 in
2117 2950 2170 3011 S,
2209 2948 2406 2999 videbi-

257 3051 344 3093 tur
370 3042 426 3092 in
451 3061 491 3104 s,
519 3042 574 3092 in
598 3040 715 3094 loco
740 3058 929 3109 nempe
954 3039 1134 3090 altiore
1153 3058 1167 3100 3
1206 3049 1395 3091 notum
1422 3040 1560 3093 enim
1585 3049 1661 3091 est
1687 3059 1753 3094 ex
1777 3038 1948 3108 optica
1968 3040 2224 3110 objectum
2243 3036 2404 3089 videri

257 3129 312 3179 in
339 3129 398 3181 ea
424 3128 562 3183 recta
590 3126 871 3184 secundum
902 3146 1057 3197 quam
1084 3127 1143 3178 fit
1174 3127 1393 3179 directio
1418 3128 1681 3180 radiorum
1706 3129 1883 3181 oculos
1908 3128 2328 3199 ingredientium.

269 3208 272 3211 ⁵
332 3224 417 3269 25.
458 3217 785 3272 Producatur
823 3215 876 3271 T
903 3215 961 3267 X
986 3215 1056 3267 ad
1082 3215 1146 3278 L,
1186 3225 1245 3267 ut
1285 3217 1349 3267 sit
1393 3218 1431 3268 S
1459 3217 1516 3268 X
1542 3218 1590 3269 L
1627 3217 1843 3289 angulus
1879 3217 2228 3269 inclinationis
2270 3217 2402 3269 radii

267 3307 305 3358 S
334 3306 391 3357 X
429 3307 483 3357 in
519 3306 922 3376 atmosphaeram
957 3306 1255 3369 incidentIS,
1293 3316 1344 3358 et
1387 3307 1438 3359 V
1463 3308 1520 3359 X
1547 3308 1600 3362 T
1624 3309 1843 3380 angulus
1870 3308 2134 3371 refractus,
2163 3309 2283 3360 data
2308 3308 2403 3361 erit

258 3397 396 3449 ratio
422 3397 563 3449 sinus
589 3399 766 3469 anguli
794 3399 832 3451 S
859 3398 917 3451 X
944 3398 1009 3461 L,
1051 3397 1120 3449 ad
1157 3396 1331 3468 sinum*
1354 3398 1530 3469 anguli
1555 3398 1607 3450 V
1632 3398 1690 3450 X
1717 3398 1769 3450 T
1794 3398 1906 3471 (23)
1934 3417 1994 3450 ac
2017 3395 2236 3468 proinde
2263 3398 2402 3474 sinus

258 3486 572 3557 angulorum
610 3487 962 3542 inclinationis
1000 3497 1156 3543 erunt
1194 3507 1399 3557 semper
1436 3498 1495 3543 ut
1530 3488 1670 3541 sinus
1706 3479 2015 3562 angulorum
2051 3489 2400 3542 refractorum.

260 3573 440 3636 Quare
468 3574 648 3625 sideris
675 3575 730 3625 in
755 3577 950 3629 vertice
979 3577 1021 3629 Z
1048 3577 1333 3642 constituti,
1373 3576 1464 3627 ubi
1499 3576 1670 3647 nullus
1697 3587 1774 3634 est
1799 3578 2018 3651 angulus
2043 3576 2399 3639 inclinationis,

256 3664 400 3716 nulla
436 3666 533 3716 erit
569 3665 825 3729 refractio,
866 3677 917 3719 et
962 3667 1192 3719 siderum
1221 3667 1276 3717 in
1303 3667 1585 3737 aequalibus
1611 3687 1642 3719 a
1666 3669 1854 3719 vertice
1879 3669 2130 3720 distantiis
2168 3666 2400 3729 sitorum,

260 3753 350 3806 ubi
377 3755 600 3810 aeuuales
627 3765 747 3808 sunt
774 3756 1171 3810 inclinationum
1197 3756 1389 3828 anguli,
1418 3756 1641 3829 aequales
1666 3768 1817 3811 erunt
1840 3757 2181 3812 refractiones.
2266 3755 2400 3808 Solis
