2528 4172
1997 144 2017 169 N

251 239 353 284 340
660 227 1103 290 INQUISITIO
1146 227 1485 280 PHYSICA
1524 228 1607 281 IN
1646 230 1969 284 CAUSAM

248 377 563 439 observatur,
611 386 661 426 et
697 376 785 444 qui
820 375 875 424 in
910 373 1024 441 ipso
1060 372 1161 424 hoc
1197 371 1328 423 mari
1362 382 1654 443 generatur.
1757 373 1893 427 Cfim
1931 376 2069 428 enim
2103 377 2373 449 longitudo

244 466 399 537 hujus
435 467 587 517 maris
624 484 690 516 ne
728 472 796 516 60
833 463 1042 533 quidem
1079 463 1269 534 gradus
1295 464 1529 534 attingat,
1569 474 1725 516 aestus
1752 475 1905 517 erunt
1929 467 2094 519 multo
2118 470 2370 533 minores3

245 555 545 607 decrescunt
570 554 706 605 enim
731 554 774 603 si
800 551 918 604 cum
942 551 1212 622 longitudo
1232 551 1563 615 diminuatur,
1592 562 1703 603 tum
1718 553 1946 606 elevatio
1973 556 2081 623 poli
2106 567 2369 627 augeatur.

247 645 406 709 Quod
439 645 482 696 si
518 663 642 713 ergo
666 643 733 713 >in
770 642 848 692 his
873 641 1104 692 formulis
1129 641 1347 711 angulus
1376 641 1441 693 M
1469 641 1513 694 P
1540 642 1593 694 N
1619 653 1845 711 ponatur
1870 643 1974 695 fere
2003 653 2071 698 60
2096 647 2368 716 graduum,

243 747 396 806 atque
432 734 646 786 elevatio
680 732 788 801 poli
824 730 996 783 debita
1031 731 1402 795 introducatur,
1450 734 1774 801 reperientur
1816 736 2024 806 quidem
2068 748 2221 788 aestus
2261 738 2369 789 bini

242 823 470 893 quotidie
507 822 710 873 evenire
748 820 950 883 debere,
990 820 1078 889 qui
1113 830 1285 871 autern
1321 815 1483 872 futuri>
1518 821 1620 873 sint
1651 822 1815 873 multo
1841 823 2081 887 minores,
2123 825 2277 894 quam
2314 826 2368 876 in

241 913 412 964 medio
448 912 593 973 mari,
632 920 684 961 et
717 909 949 977 pluribus
987 908 1252 958 anomaliis
1289 909 1520 978 subjecti,
1560 929 1684 980 quas
1724 912 1934 980 quidem
1972 930 2149 964 omnes
2175 933 2240 965 ex
2264 913 2370 964 for-

239 1001 390 1064 mulis
426 1000 640 1051 definire
678 997 866 1060 licebit.
942 996 1204 1057 Quoniam
1230 1015 1354 1067 ergo
1378 1007 1485 1048 tam
1511 998 1686 1069 exig-ui
1711 1010 1868 1051 aestus
1895 1020 1924 1051 a
1950 1001 2112 1052 ventis
2138 1011 2190 1053 et
2215 1021 2368 1053 cursu

239 1109 402 1160 aquae,
431 1089 519 1158 qui
544 1089 594 1138 in
622 1086 722 1137 hoc
747 1085 876 1136 mari
901 1085 1139 1135 notabilis
1165 1083 1585 1153 deprehenditur,
1613 1086 1946 1139 vehementer
1970 1089 2260 1152 turbantur,
2300 1091 2367 1142 ad

236 1179 478 1247 pleraque
515 1177 686 1227 littora
722 1175 874 1242 hujus
911 1173 1066 1224 maris
1109 1173 1197 1224 vix
1238 1192 1458 1243 usquam
1500 1184 1656 1225 aestus
1700 1176 1949 1246 regularis
1994 1177 2365 1231 observabitur.

239 1265 430 1333 Excipi
461 1274 634 1316 autem
661 1261 814 1314 debet
841 1261 994 1312 Mare
1020 1260 1360 1323 Adriaticum,
1399 1261 1539 1332 quod
1571 1261 1689 1317 cum
1715 1264 1884 1314 sinum
1909 1264 2095 1318 formet
2119 1267 2363 1335 amplum,

236 1353 592 1405 advenientem
627 1369 812 1420 aquam
846 1347 1028 1401 melius
1066 1349 1287 1420 colliget,
1327 1359 1481 1419 atque
1519 1350 1854 1403 elevationem
1888 1353 2052 1405 multo
2080 1356 2365 1407 sensibilio-

224 1461 344 1515 'rem
379 1440 624 1510 parietur,
676 1458 707 1490 a
744 1457 848 1519 quo
890 1448 1045 1489 aestus
1086 1439 1239 1488 maris
1276 1437 1509 1513 Venetiis
1554 1439 1851 1492 observatus
1896 1442 2147 1512 originem
2190 1443 2362 1496 habet.

235 1531 468 1586 Tametsi
504 1530 641 1583 enim
686 1528 839 1581 Mare
888 1526 1332 1579 Mediterraneum
1373 1545 1479 1578 non
1518 1527 1701 1591 solum,
1749 1529 1868 1581 satis
1914 1530 2137 1599 amplam
2175 1531 2364 1585 habeat

231 1612 570 1684 latitudinem,
610 1619 701 1671 sed
738 1618 891 1669 etiam
927 1616 1255 1667 vehementer
1290 1616 1617 1685 inaequalem,
1658 1627 1831 1670 tamen
1865 1620 2120 1689 ejusmodi
2143 1622 2362 1673 marium

232 1710 709 1774 aestu80admodu1n
753 1706 1003 1778 exquisite
1042 1725 1110 1758 ex
1150 1707 1395 1774 praesenti
1437 1726 1578 1770 casu,
1629 1727 1732 1778 quo
1781 1710 2103 1763 latitudinem
2128 1702 2360 1764 'omnino

231 1801 557 1876 negligimus,
587 1797 761 1867 colligi
786 1806 970 1865 potest,
993 1796 1114 1864 quia
1132 1795 1364 1846 extensio
1388 1797 1542 1847 maris
1567 1796 1622 1847 in
1646 1797 2022 1869 longit-udinem
2048 1802 2364 1870 praecipuam

231 1909 436 1942 causam
479 1898 696 1939 aestuum
737 1886 980 1937 binorum
1023 1883 1237 1954 singulis
1281 1882 1462 1936 diebus
1506 1886 1849 1938 evenientium
1893 1890 2136 1953 continet,
2191 1900 2360 1961 neque

230 1978 463 2031 extensio
487 1975 766 2027 latitudinis
791 1973 1008 2024 multum
1036 1971 1279 2024 conferat.

299 2072 337 2134 §.
368 2071 483 2118 129.
528 2064 787 2115 Ponamus
824 2080 963 2112 nunc
1000 2059 1190 2112 tractus
1226 2059 1392 2111 nostri
1427 2060 1582 2112 maris
1619 2057 1996 2134 longitudinem
2033 2058 2351 2131 evanesoere,

227 2167 495 2225 totumque
532 2163 752 2204 tractum
790 2152 844 2202 in
881 2150 1064 2202 eodem
1101 2150 1385 2201 meridiano
1425 2151 1470 2202 P
1493 2169 1529 2219 p
1566 2153 1632 2204 ab
1672 2154 1737 2206 M
1772 2174 1934 2226 usque
1958 2157 2026 2209 ad
2052 2157 2105 2208 N
2129 2158 2355 2221 extendi,

227 2248 300 2299 ita
328 2256 385 2297 ut
420 2245 485 2295 sit
524 2241 589 2295 M
613 2265 670 2286 =
695 2250 745 2304 O,
784 2259 837 2291 m
861 2264 917 2284 =
950 2247 971 2291 1
995 2259 1011 2301 3
1049 2240 1189 2290 sinus
1215 2249 1386 2290 autem
1415 2239 1517 2290 ele-

227 2335 443 2389 vationis
467 2332 574 2401 poli
610 2331 665 2381 in
692 2330 756 2382 M
782 2330 846 2381 sit
869 2353 926 2373 =
955 2329 1016 2391 P,
1057 2329 1260 2379 cosinus
1285 2352 1342 2373 =
1366 2347 1418 2396 p,
1458 2329 1513 2379 in
1923 2374 1976 2409 P

230 2427 282 2479 N
318 2415 534 2477 verb's'it
558 2413 700 2473 sinus
727 2420 1022 2472 elevationis
1057 2419 1166 2488 poli
1188 2444 1245 2465 =
1275 2419 1343 2482 R,
1382 2419 1512 2471 cosi·
1888 2413 1892 2418 ⁸

224 2534 323 2566 nus
347 2537 403 2558 =
429 2530 471 2563 r.
546 2510 633 2562 Ex
656 2510 734 2560 his
761 2510 805 2560 si·
830 2509 983 2561 Luna
1006 2509 1060 2560 in
1085 2509 1134 2561 L
1158 2519 1403 2570 versetur,
1445 2508 1512 2560 ob

226 2607 276 2659 A
313 2606 406 2656 sin.
443 2603 508 2656 M
536 2625 593 2646 =
634 2600 713 2662 M,
760 2601 857 2651 erit
904 2601 958 2650 in
1004 2599 1069 2651 M
1106 2598 1321 2650 elevatio
1364 2617 1512 2668 aquae

224 2747 380 2798 supra
421 2726 645 2779 libellam
694 2745 752 2766 =

224 3384 800 3460 ((ttqq—QQ)(R2
822 3393 875 3448 -ι-
900 3385 1150 3438 PR-—2
1171 3343 2344 3480 NHQQ-Rpssg-E-:ffl

224 3530 385 3594 Quod
409 3532 452 3582 si
476 3549 612 3583 nunc
641 3538 865 3600 ponatur
890 3527 1018 3579 alter
1042 3524 1293 3577 terminus
1330 3521 1384 3573 N
1419 3519 1551 3571 ultra
1577 3525 1890 3587 aequatorem
1913 3514 2090 3568 versus
2114 3526 2344 3591 austrum

223 3623 364 3684 situs,
404 3621 473 3671 ita
510 3631 567 3671 ut
604 3613 743 3672 sinus
779 3615 1075 3670 elevationis
1111 3614 1219 3683 poli
1260 3609 1492 3664 australis
1529 3608 1584 3658 in
1622 3606 1676 3657 N
1712 3604 1872 3673 duplo
1903 3605 2067 3674 major
2101 3605 2166 3657 sit
2191 3603 2343 3674 quam

222 3711 362 3760 sinus
391 3708 684 3759 elevationis
708 3706 928 3759 borealis
954 3705 1008 3755 in
1045 3703 1126 3767 M,
1167 3720 1255 3753 seu
1284 3700 1335 3752 R
1362 3722 1419 3744 =
1445 3726 1515 3737 -
1538 3702 1573 3748 2
1601 3694 1647 3747 Ρ
1672 3703 1723 3745 et
1745 3712 1773 3745 r
1794 3715 1852 3736 =
1889 3694 1941 3746 xl
1973 3697 2022 3762 (l
2053 3724 2124 3734 —
2148 3701 2180 3745 4
2212 3695 2257 3746 P
2280 3693 2339 3760 2),

218 3800 317 3852 erit
343 3799 393 3850 R
408 3797 427 3827 Ε
451 3805 503 3859 -Ι-
531 3796 575 3848 Ρ
595 3796 644 3846 R
661 3826 731 3835 —-
747 3802 777 3846 2
799 3795 842 3845 P
857 3792 877 3822 2
902 3814 952 3841 =
977 3802 1027 3855 0,
1057 3802 1207 3861 atque
1232 3786 1446 3841 elevatio
1471 3801 1619 3854 aquae
1645 3783 1700 3834 in
1726 3780 1795 3835 M
1816 3799 1971 3850 supra
1996 3781 2221 3834 libellam
2246 3782 2344 3834 erit
