2528 4172
311 310 374 355 12
831 278 1397 350 PH‘ILOSOPHIAE
1437 297 1890 351 NATURALIS
1932 298 2062 362 [Da
2086 298 2250 350 MUN.
2275 299 2429 351 sYsT.

302 440 567 500 dimidiata
606 461 634 493 e
670 441 882 511 regione
909 441 1058 502 solis;
1097 440 1277 492 falcata
1306 442 1376 492 cis
1407 443 1594 505 Solem,
1634 461 1729 510 per
1765 443 1966 493 discum
1993 443 2100 510 ejus
2128 443 2192 493 ad
2218 443 2431 493 modum

297 534 617 586 macularum
658 549 1032 600 nonnunquam
1079 542 1415 583 transeuntes.
1494 531 1578 584 Ex
1624 532 1813 583 Martis
1859 549 2063 600 quoque
2107 531 2260 597 plena
2303 531 2432 581 facie

299 644 463 694 prope
493 625 626 676 Solis
653 624 1085 691 conjunctionem,
1110 634 1159 674 et
1177 622 1393 692 gibbos&
1420 623 1472 673 in
1502 623 1841 692 quadraturis,
1880 632 2076 673 certum
2104 631 2194 683 est,
2224 621 2364 690 quod
2388 621 2431 672 is

301 715 475 768 Solem
502 715 695 772 ambit..
728 714 814 766 De
834 715 964 767 Jove
989 714 1142 766 etiam
1168 725 1219 765 et
1247 715 1469 765 Saturno
1495 714 1633 765 idem
1660 734 1725 765 ex
1752 733 1931 766 eorum
1956 714 2202 782 phasibus
2230 729 2432 778 semper

295 807 460 875 plenis
499 806 907 857 demonstratur:
946 805 1042 856 hos
1068 806 1206 857 enim
1243 804 1357 856 luce
1383 825 1414 856 a
1443 805 1564 857 Sole
1589 806 1820 860 mutuata
1847 806 2117 875 splendere
2143 823 2209 857 ex
2234 803 2430 855 umbris

299 897 572 949 satellitum
597 896 651 946 in
678 896 817 964 ipsos
842 895 1083 965 projectis
1109 893 1437 946 manifestum
1463 905 1554 947 est.

295 1060 346 1098 ad
376 1058 538 1097 modum
570 1058 734 1097 maculae
762 1059 883 1109 nigrae
912 1065 950 1096 et
979 1057 1158 1097 rotundae
1187 1058 1334 1103 transit,
1390 1073 1465 1110 que
1492 1068 1573 1099 tota
1599 1063 1827 1099 obscuratur
1843 1061 1948 1100 utin
1967 1060 2061 1099 locis
2093 1060 2141 1103 B,
2167 1059 2214 1106 C,
2238 1059 2291 1102 D,
2318 1056 2363 1103 F,
2393 1062 2432 1093 et

296 1125 497 1162 nunquam
533 1111 624 1151 ver&
663 1112 742 1150 Soli
778 1112 998 1160 opponitur,
1045 1124 1171 1162 neque
1207 1113 1254 1149 ab
1291 1124 1338 1149 eo
1391 1111 1582 1152 contraria
1601 1114 1745 1152 ratione
1764 1115 2025 1162 splendescere
2044 1114 2085 1150 in
2104 1113 2210 1159 locis,
2236 1113 2278 1155 F,
2297 1111 2347 1156 G,
2372 1110 2429 1155 H,

296 1166 511 1215 digreditur
546 1165 649 1203 ultra
684 1164 827 1215 gradus
859 1170 923 1202 47.
997 1164 1149 1203 Eadem
1178 1163 1258 1202 fere
1289 1164 1338 1202 de
1393 1168 1555 1205 videtur.
1609 1168 1649 1205 Si
1668 1166 1757 1205 ver&
1776 1180 1823 1204 ex
1844 1168 2002 1206 Tellure
2023 1168 2070 1213 T,
2091 1166 2140 1204 ad
2161 1165 2324 1203 Veneris
2343 1175 2431 1200 cen-

299 1219 500 1257 Mercurio
528 1221 777 1257 observantur
805 1217 997 1269 quantum
1033 1218 1124 1256 licet
1153 1230 1222 1267 per
1254 1218 1339 1269 ejus
1393 1228 1498 1258 trum
1526 1221 1691 1258 ducatur
1717 1220 1819 1258 linea
1836 1229 1941 1260 recta
1956 1220 2003 1258 ad
2023 1232 2139 1270 quam
2159 1218 2323 1256 ducatur
2350 1215 2432 1264 pla-

1395 1286 1493 1311 num
1520 1272 1833 1322 perpendit-utare
1859 1287 1883 1312 a
1909 1275 1946 1318 b,
1976 1286 2045 1323 per
2071 1280 2247 1311 centrum
2270 1268 2433 1307 Veneris

1397 1328 1595 1373 transiens,
1626 1340 1670 1364 ea
1691 1339 1778 1376 pars
1805 1335 1957 1365 tantum
1979 1333 2136 1375 apparet
2153 1338 2241 1376 quae
2260 1333 2318 1361 est
2335 1323 2435 1359 inter

1399 1380 1560 1429 planum
1579 1394 1602 1418 a
1621 1393 1652 1420 c.
1683 1388 1722 1418 et
1739 1379 1901 1428 planum
1920 1393 1941 1417 c
1959 1379 1997 1423 d,
2017 1377 2125 1417 unde
2142 1378 2233 1416 cum
2252 1376 2434 1426 projectio

1398 1434 1505 1482 plani
1536 1435 1568 1472 C
1587 1446 1607 1471 c
1632 1433 1670 1480 d,
1705 1432 1753 1470 sit
1784 1434 1937 1482 ellipsis,
1968 1432 2060 1470 hinc
2092 1432 2250 1482 gibbosa
2280 1436 2436 1478 apparet

1398 1487 1561 1535 planetae
1579 1500 1667 1535 pars
1685 1487 1763 1524 visa
1781 1486 1822 1524 in
1845 1488 1893 1533 B,
1914 1487 1955 1523 in
1978 1487 2009 1524 C
2029 1484 2239 1528 dimidiata,
2260 1491 2299 1520 et
2317 1484 2357 1519 in
2381 1482 2434 1527 D,

1399 1540 1549 1583 falcata,
1586 1541 1673 1587 δια,
1713 1540 1803 1590 quia
1835 1554 1858 1578 a
1888 1547 2033 1589 puncto
2070 1540 2120 1584 A,
2154 1535 2437 1587 conjunctionis

1400 1592 1603 1641 superioris
1638 1607 1729 1631 cum
1777 1593 1877 1640 Sole,
1925 1592 2118 1643 elongatio
2164 1604 2232 1628 seu
2269 1588 2438 1639 angulus

1403 1646 1444 1684 A
1468 1647 1503 1684 T
1531 1647 1580 1691 B,
1614 1647 1746 1684 crescit
1777 1659 1900 1696 usque
1933 1646 1981 1683 ad
2011 1647 2129 1683 situm
2163 1644 2194 1682 C
2228 1657 2249 1680 e
2279 1642 2437 1692 regione

1405 1698 1515 1746 Solis,
1533 1699 1600 1737 ubi
1617 1700 1802 1750 digressio
1821 1700 1989 1737 maxima
2003 1707 2060 1736 est
2078 1707 2116 1735 et
2134 1695 2274 1734 deinde
2290 1696 2437 1732 decres-

1401 1752 1453 1790 cit
1471 1752 1512 1789 in
1536 1753 1588 1799 D,
1616 1761 1732 1803 atque
1752 1753 1940 1791 evanescit
1957 1754 1998 1789 in
2016 1753 2066 1798 E,
2094 1764 2138 1788 ac
2157 1749 2286 1799 postea
2305 1746 2438 1785 rursus

1401 1806 1534 1843 crescit
1570 1818 1692 1856 usque
1727 1808 1775 1844 ad
1823 1807 1872 1851 G,
1917 1818 1961 1843 ac
2004 1804 2143 1843 deinde
2180 1802 2366 1839 decrescit
2402 1807 2438 1836 et

1402 1858 1567 1909 denique
1594 1858 1726 1896 rursus
1753 1859 1944 1897 evanescit
1971 1859 2011 1895 in
2043 1859 2093 1896 A.
2154 1855 2325 1896 Evidens
2347 1850 2439 1902 erg&

1402 1920 1459 1949 est
1476 1912 1580 1962 quod
1598 1913 1733 1950 Venus
1752 1921 1790 1950 et
1811 1911 2030 1950 Mercurius
2047 1909 2146 1948 circa
2169 1908 2295 1948 Solem
2317 1907 2437 1944 revol-

1401 1973 1540 2003 vantur
1557 1966 1599 2003 in
1616 1966 1749 2003 orbitis
1764 1979 1851 2016 quae
1865 1965 2062 2002 Tellurem
2082 1962 2305 2001 excludunt.
2347 1961 2369 1998 J
2376 1972 2437 1996 am

1402 2018 1494 2056 cum
1519 2019 1699 2057 maximae
1727 2018 1987 2069 elongationes
2008 2017 2170 2055 Veneris
2197 2029 2220 2052 a
2250 2013 2338 2052 Sole
2358 2025 2436 2049 ma-

1396 2071 1500 2122 jores
1527 2073 1604 2110 sint
1630 2072 1939 2122 elongationibus
1971 2069 2168 2112 Mercurii,
2201 2079 2354 2104 necesse
2384 2074 2439 2103 est

1402 2132 1448 2163 ut
1477 2126 1600 2164 orbita
1634 2125 1797 2163 veneris
1828 2124 1991 2164 orbitarn
2024 2121 2213 2162 Mercurii
2246 2118 2435 2169 complec-

1402 2186 1516 2217 tatur.

1456 2233 1577 2283 Mars,
1597 2232 1750 2286 Jupiter
1770 2240 1808 2271 et
1836 2233 2025 2273 Saturnus
2047 2230 2127 2270 Soli
2149 2230 2175 2268 S
2194 2226 2376 2286 oppositi,
2417 2239 2437 2262 e

1402 2290 1562 2329 Tellure
1583 2292 1628 2328 M
1641 2292 1683 2328 in
1699 2291 1734 2328 E
1754 2287 1871 2339 plena
1888 2287 1985 2326 facie
2004 2289 2176 2326 lucentes
2194 2281 2419 2331 conspiciun

1402 2351 1475 2389 tur,
1496 2343 1659 2394 ide6que
1680 2343 1815 2381 Tellus
1832 2350 1927 2381 tunc
1945 2340 2126 2390 temporis
2139 2339 2239 2375 inter
2257 2335 2384 2395 Solem
2401 2342 2436 2370 et

1402 2397 1573 2446 planetas
1600 2396 1688 2434 illos
1712 2396 1932 2434 collocatur.
1994 2395 2051 2432 At
2078 2390 2166 2430 verb
2193 2392 2233 2427 in
2252 2399 2434 2437 conjunc-

1400 2451 1505 2488 tione
1524 2458 1568 2488 ut
1585 2450 1626 2487 in
1645 2452 1696 2495 A,
1713 2449 1829 2487 iidem
1848 2449 2012 2497 planetae
2031 2446 2147 2496 pleno
2165 2445 2256 2481 orbe
2270 2441 2435 2490 fulgent,

306 2714 568 2766 exiguitatem,
601 2730 692 2755 cum
721 2718 794 2756 hoc
823 2725 952 2756 tamen
985 2717 1204 2756 discrimine
1239 2718 1345 2768 quod

306 2768 390 2818 ejus
421 2770 683 2821 elongationes
712 2771 890 2809 maximae
926 2785 950 2810 a
989 2772 1077 2810 Sole
1115 2776 1163 2809 28
1202 2772 1344 2822 gradus

307 2834 508 2872 nunquam
552 2832 747 2872 superent.
823 2825 924 2863 Sunt
967 2824 1087 2875 igitur
1127 2825 1262 2862 Venus
1305 2833 1344 2863 et

310 2874 531 2913 Mercurius
562 2889 719 2925 corpora
751 2890 868 2925 opaca
904 2886 943 2916 et
977 2877 1143 2915 rotunda
1178 2891 1344 2927 quorum

308 2939 395 2975 pars
421 2928 571 2967 circiter
597 2930 757 2968 dimidia
779 2931 858 2969 Soli
877 2933 1034 2969 obversa
1052 2931 1276 2976 illustratur,
1305 2939 1345 2969 et

308 2992 395 3028 pars
412 2981 530 3020 altera
543 2996 567 3020 a
584 2983 672 3021 Sole
690 2996 819 3021 aversa
833 2984 980 3021 lumine
994 2985 1175 3033 privatur.
1227 2983 1344 3022 Unde

308 3032 398 3071 cum
422 3034 558 3073 Venus
584 3044 623 3073 et
651 3037 872 3074 Mercurius
899 3037 939 3073 in
966 3036 1048 3074 una
1074 3037 1346 3087 conjunctione

308 3086 351 3123 in
372 3087 489 3126 E‘vel
510 3089 558 3126 M
580 3089 892 3138 hemisphaerium
912 3092 1118 3127 obscurum
1140 3090 1287 3127 Telluri
1310 3090 1346 3127 T

308 3141 519 3187 obvertant‚
548 3142 858 3190 hemisphaerium
888 3141 977 3181 ver&
1003 3143 1235 3180 illustratum
1270 3141 1350 3181 Soli

312 3192 353 3238 S,
373 3205 524 3232 necesse
539 3203 595 3233 est
614 3203 658 3233 ut
676 3195 716 3232 in
735 3195 803 3232 illa
816 3196 1087 3247 conjunctione
1105 3196 1204 3233 inter
1222 3195 1352 3233 Solem

309 3253 349 3283 et
362 3246 559 3286 Tellurem
575 3249 879 3295 constituantur3
900 3262 921 3286 e
941 3247 1073 3286 contra
1091 3248 1155 3286 ubi
1176 3247 1216 3285 in
1235 3246 1354 3286 altera

310 3299 481 3347 proxime
508 3302 681 3351 sequenti
711 3301 981 3353 conjunctione
1000 3301 1041 3338 in
1063 3302 1101 3339 A
1122 3301 1182 3338 vel
1204 3301 1245 3339 K
1263 3313 1346 3338 ver-

314 3359 459 3398 santur,
488 3361 608 3391 totam
637 3354 773 3392 faciem
801 3354 1028 3392 illustratam
1049 3362 1088 3392 et
1109 3354 1188 3391 Soli
1213 3356 1346 3391 obver-

310 3416 391 3441 sam
406 3418 428 3443 e
449 3406 607 3444 Tellure
621 3407 668 3453 T,
685 3409 941 3454 observamuffi
961 3407 1051 3445 hinc
1063 3419 1214 3444 necesse
1232 3415 1289 3445 est
1303 3414 1349 3445 ut

1401 2503 1638 2553 proindeque
1651 2509 1797 2551 partem
1815 2502 2042 2539 illustratam
2065 2499 2143 2537 Soli
2159 2510 2204 2535 ac
2221 2496 2351 2558 Terrae
2370 2495 2434 2554 ob:

1400 2565 1600 2603 vertentes,
1632 2563 1724 2593 sunt
1745 2555 1847 2593 ultra
1868 2555 1997 2592 Solem
2017 2553 2155 2602 positi3
2185 2547 2324 2608 deinde
2350 2559 2437 2583 vero

1401 2609 1671 2661 digrediuntur
1697 2622 1721 2647 a
1757 2609 1856 2654 Sole,
1887 2615 1926 2646 et
1957 2608 2066 2644 Mars
2092 2604 2247 2656 quidem
2272 2613 2313 2637 m
2342 2612 2435 2650 qua-

1401 2663 1510 2701 drato
1537 2676 1627 2700 cum
1660 2662 1747 2700 Sole
1766 2669 1921 2711 aspectu
1940 2668 1986 2697 ut
2007 2660 2048 2696 in
2074 2660 2119 2704 C,
2150 2654 2432 2714 aliquantulum

1401 2716 1584 2765 gibbosus
1620 2723 1787 2764 apparet,
1825 2713 1931 2764 quod
1963 2711 2276 2761 hemisphaerium
2318 2718 2436 2755 lpsms

1398 2770 1631 2807 illustratum
1661 2777 1700 2806 et
1727 2768 1806 2806 Soli
1834 2770 2035 2805 obversum
2060 2778 2139 2803 non
2168 2762 2286 2813 possit
2312 2767 2434 2799 totum

1402 2823 1532 2860 Terrae
1551 2822 1777 2859 sensibiliter
1795 2821 1951 2865 obverti,
1972 2821 2063 2870 quia
2088 2830 2166 2855 non
2188 2819 2278 2854 satis
2295 2824 2436 2862 magna

1400 2884 1455 2913 est
1474 2877 1556 2926 ejus
1568 2889 1589 2912 a
1606 2875 1764 2913 Tellure
1782 2874 1971 2913 distantia.
2010 2873 2067 2910 At
2080 2871 2236 2919 Jupiter
2250 2876 2288 2905 et
2306 2866 2435 2925 Satur-

1399 2941 1473 2965 nus
1491 2928 1580 2967 cum
1596 2927 1751 2978 longius
1768 2941 1792 2965 a
1809 2927 1898 2965 Sole
1916 2935 1954 2964 et
1971 2925 2128 2963 Tellure
2147 2924 2300 2966 distent,
2315 2919 2436 2955 hemi-

1398 2982 1604 3030 sphaerium
1623 2981 1886 3018 illuminatum
1921 2978 2000 3017 Soli
2027 2990 2072 3016 ac
2102 2974 2252 3015 Telluri
2287 2979 2439 3019 semper

1399 3038 1603 3073 obvertunt
1620 3034 1869 3079 sensibiliter;
1897 3044 1988 3069 nam
2008 3030 2097 3069 cum
2119 3032 2183 3080 (ex
2203 3026 2305 3075 obs.)
2328 3025 2439 3061 Mars

1399 3088 1553 3135 Jovem,
1583 3095 1622 3125 et
1648 3087 1805 3135 Jupiter
1835 3087 2043 3124 Saturnum
2072 3090 2353 3138 nonnunquam
2381 3084 2437 3114 te-

1403 3149 1510 3192 gant,
1548 3153 1700 3178 necesse
1736 3148 1793 3176 est
1827 3147 1873 3176 ut
1912 3138 2035 3176 orbita
2082 3134 2237 3173 Saturni
2273 3132 2437 3170 orbltam

1405 3195 1525 3239 Jovis,
1547 3201 1585 3231 et
1602 3196 1685 3231 haec
1704 3192 1866 3230 orbitam
1888 3191 2027 3228 Martis
2045 3188 2351 3244 complectatur&
2363 3192 2439 3221 tres

1406 3244 1497 3285 ver&
1529 3247 1663 3285 orbitae
1698 3245 1777 3282 illoe
1817 3247 1975 3282 Terram
2012 3251 2050 3280 et
2084 3241 2212 3279 Solem
2250 3240 2431 3277 ambiant.

1404 3300 1510 3344 Quia
1553 3297 1644 3337 ver&
1696 3297 1872 3337 diametri
1925 3302 2149 3345 apparentes
2193 3293 2435 3349 planetarum

1400 3353 1642 3401 superiorum
1668 3350 1794 3389 mult&
1822 3351 1989 3388 minores
2017 3348 2196 3385 videntur
2220 3347 2259 3383 in
2285 3354 2438 3393 opposu-

1401 3405 1570 3444 tionibus
1601 3404 1719 3455 quam
1748 3405 1789 3441 in
1819 3402 2154 3454 conjunctionibus
2181 3399 2437 3449 planetarum,

311 3464 405 3495 tunc
422 3460 603 3507 temporis
625 3460 690 3499 Sol
714 3461 752 3506 S,
774 3461 874 3499 iuter
891 3461 994 3509 ipsos
1011 3458 1125 3510 atque
1146 3459 1345 3498 Tellurem
1399 3466 1438 3496 et
1456 3457 1647 3495 distantiae
1664 3470 1688 3494 a
1709 3458 1744 3495 T
1745 3456 1828 3495 erra
1847 3464 1938 3494 sunt
1955 3464 2000 3494 ut
2019 3454 2195 3492 diametri
2213 3456 2439 3510 apparentes

315 3510 351 3548 T
377 3511 523 3559 positus
549 3512 608 3549 sit.
670 3513 749 3551 Ubi
767 3511 857 3552 ver&
878 3506 1014 3551 veniis
1032 3521 1100 3551 aut
1125 3513 1347 3551 Mercurius
1399 3509 1559 3556 inverse,
1593 3521 1746 3549 necesse
1773 3518 1830 3548 est
1853 3517 1899 3548 ut
1922 3508 2055 3547 orbitae
2081 3506 2233 3552 Martis,
2264 3505 2374 3544 Jovls
2400 3507 2441 3539 et

310 3576 334 3601 a
356 3563 444 3602 Sole
461 3563 686 3614 digreditur,
707 3565 876 3614 primum
894 3567 1054 3617 gibbosa
1071 3573 1236 3615 apparet,
1257 3573 1344 3603 tum
1401 3564 1555 3603 Saturni
1572 3564 1650 3603 sint
1670 3563 1820 3603 Telluri
1836 3561 2050 3602 admodum
2068 3559 2303 3600 excentricae.

311 3614 513 3655 dimidiata
537 3618 635 3656 facie
661 3617 775 3665 lucet,
804 3619 935 3670 postea
961 3619 1101 3658 falcata
1118 3618 1163 3657 fit
1179 3626 1219 3658 et
1236 3617 1345 3658 deni-
