2528 4172
273 315 303 358 8
780 299 1343 356 PHILOSOPHIAE
1382 298 1835 352 NATURALIS
1909 297 2027 362 [DE
2056 296 2220 350 MUN.
2245 297 2397 353 Srsr.

342 446 710 518 Elongationes
737 445 1012 498 satellitum
1038 445 1181 497 Jovis
1208 453 1258 496 et
1282 443 1593 495 diametrum
1617 443 1724 512 ejus
1745 443 1816 495 D.
1847 440 2036 493 Pound
2059 441 2398 492 micrometris

270 537 475 605 optimis
514 534 871 587 determinavit
906 543 965 585 ut
1002 533 1247 603 sequitur.
1324 532 1401 600 (¹¹¹)
1444 531 1723 602 Elongatio
1765 530 1993 582 maxima
2034 529 2401 580 heliocentrica

270 624 497 676 satellitis
518 622 684 693 quarti
710 641 742 674 a
766 631 944 673 centro
977 622 1121 673 Jovis
1146 621 1476 672 micrometr'o
1500 620 1555 670 in
1580 621 1707 672 tubo
1734 620 2029 690 quindecim
2054 619 2214 688 pedes
2238 619 2397 689 longo

273 726 423 783 capta
458 714 568 786 fuit,
609 724 661 766 et
695 713 895 782 prodiit
919 713 975 763 in
1009 711 1258 763 mediocri
1283 711 1426 763 Jovis
1452 730 1483 762 a
1509 709 1675 762 Terra
1704 709 1943 762 distantia
1972 710 2034 761 8'.
2067 712 2159 761 16⁰
2186 708 2402 760 circiter.

274 804 352 855 Ea
379 802 606 854 satellitis
631 802 767 853 tertii
792 801 1123 852 micrometro
1148 800 1202 849 in
1230 799 1507 867 telescopio
1532 799 1690 867 pedes
1722 805 1821 850 123
1847 799 2007 869 longo
2032 808 2183 866 capta
2212 796 2322 860 fuit,
2351 808 2404 848 et

271 894 461 962 prodiit
486 895 541 944 in
567 893 746 945 eadem
771 893 914 945 Jovis
941 911 972 942 a
997 890 1162 942 Terra
1189 888 1433 941 distantia
1461 894 1525 941 4'.
1553 891 1669 941 42'‘.
1747 889 2119 959 Elongationes
2159 887 2404 939 maximae

271 985 585 1054 reliquorum
624 983 897 1035 satellitum
933 982 988 1032 in
1031 980 1209 1032 eadem
1248 979 1392 1031 Jovis
1429 999 1460 1031 a
1497 978 1664 1031 Terra
1702 977 1942 1031 distantia
1979 996 2045 1030 ex
2081 977 2401 1045 temporibus

271 1072 546 1141 periodicis
572 1071 834 1140 prodeunt
859 1073 921 1120 2²,
952 1072 1064 1121 56⁰.
1091 1070 1220 1130 47'‘',
1249 1077 1300 1118 et
1330 1071 1387 1118 l'.
1417 1068 1530 1119 51''.
1559 1071 1651 1120 6''‘.

330 1164 598 1216 Diameter
608 1163 641 1214 J
643 1162 750 1213 ovis
767 1161 1097 1212 micrometro
1113 1159 1166 1209 in
1183 1158 1461 1226 telescopio
1476 1157 1633 1225 pedes
1649 1162 1745 1208 123
1756 1156 1914 1226 longo
1931 1155 2117 1223 saepius
2134 1164 2284 1222 capta
2293 1154 2404 1217 fuit,

274 1256 338 1324 (¹¹)
358 1266 409 1307 et
433 1255 499 1307 ad
518 1254 831 1305 mediocrem
856 1251 1000 1303 Jovis
1027 1269 1058 1300 a
1086 1248 1207 1301 Sole
1232 1248 1313 1299 vel
1333 1246 1499 1299 Terra
1527 1246 1822 1298 distantiam
1841 1245 2068 1307 reducta,
2092 1262 2293 1312 semper
2310 1245 2407 1295 mi-

272 1361 369 1394 nor
384 1343 575 1411 prodiit
591 1339 746 1411 quam
761 1342 877 1402 40⁰,
896 1354 1162 1407 nunquam
1178 1336 1348 1387 minor
1368 1334 1523 1405 quam
1544 1336 1657 1397 38''‚
1678 1335 1865 1402 saepins
1884 1334 1998 1386 39⁰.
2039 1333 2106 1384 In
2120 1333 2409 1402 telescopiis

272 1431 592 1484 brevioribus
616 1430 730 1482 haec
756 1430 1004 1481 diameter
1030 1437 1107 1479 est
1131 1430 1226 1480 40⁰
1253 1427 1333 1479 vel
1361 1429 1474 1477 41¹2
1541 1427 1601 1495 (⁰)
1631 1426 1767 1478 Nam
1788 1425 1880 1476 lux
1900 1425 1934 1477 J
1936 1424 2043 1476 ovis
2061 1442 2157 1493 per
2179 1424 2410 1495 inaequa-

328 1569 395 1620 (ω)
416 1572 481 1608 53-
506 1571 527 1594 ⁸
559 1570 761 1620 Elongatio
786 1570 952 1607 maxima
976 1566 1233 1605 heliocentrica
1252 1578 1311 1603 sa-

274 1622 406 1659 tellitis
423 1623 464 1658 in
482 1622 666 1661 mediocri
682 1623 708 1661 J
711 1622 791 1660 ovis
809 1635 832 1659 a
850 1621 939 1659 Sole
958 1618 1138 1657 distantia
1158 1618 1315 1668 aequalis

275 1682 334 1713 est
362 1674 483 1722 ipsius
510 1675 745 1726 elongationi
777 1673 957 1711 maximae
990 1671 1241 1722 geocentricae
1272 1671 1315 1708 in

274 1727 455 1765 mediocri
483 1727 663 1765 distantia
689 1726 861 1776 ejusdem
888 1726 999 1765 Jovis
1020 1737 1043 1762 a
1064 1721 1197 1762 Terra.
1259 1724 1316 1762 Sit

276 1780 381 1818 enim
402 1782 439 1817 A
461 1781 497 1818 B
521 1782 556 1819 P
580 1782 616 1820 G
642 1781 767 1822 orbita
784 1779 908 1825 Jovis,
933 1778 998 1816 Sol
1016 1778 1058 1815 in
1080 1777 1117 1822 S,
1142 1778 1179 1814 A
1198 1778 1315 1826 aphe-

1421 1565 1479 1617 (n)
1500 1567 1564 1603 54.
1588 1567 1609 1590 ³*
1633 1566 1688 1603 Et
1706 1567 1756 1602 acl
1774 1566 1999 1603 mediocrem
2018 1564 2119 1603 Jovis
2136 1577 2159 1601 α
2180 1565 2272 1602 Sole.
2300 1598 2302 1600 ,
2325 1563 2410 1601 Da-

1366 1625 1431 1656 tur
1457 1617 1595 1667 positio
1621 1618 1734 1656 lineae
1761 1617 1879 1655 ducta
1905 1619 1953 1654 ab
1980 1617 2095 1654 oculo
2120 1615 2342 1664 spectatoris
2360 1615 2412 1654 ad

1369 1671 1510 1710 Jovem
1540 1678 1713 1719 tempore
1741 1669 2026 1713 observationis,
2057 1678 2095 1706 et
2126 1682 2195 1717 per
2223 1669 2410 1706 theoriam

1373 1724 1485 1769 Solis,
1515 1722 1628 1761 datur
1655 1723 1769 1761 etiam
1795 1722 1934 1771 positio
1952 1722 2066 1761 lineae
2083 1719 2210 1759 ductae
2228 1724 2276 1760 ab
2295 1722 2412 1759 oculo

1370 1776 1419 1815 ad
1441 1776 1570 1815 Solem
1591 1776 1680 1828 (47)
1702 1776 1836 1814 eodem
1863 1784 2059 1823 tempore3
2088 1775 2192 1812 unde
2211 1775 2322 1813 datur
2342 1787 2412 1811 an-

1370 1829 1488 1880 gulus
1521 1829 1579 1867 his
1608 1830 1760 1881 duabus
1790 1829 1902 1866 lineis
1927 1829 2172 1876 interceptus,
2206 1841 2275 1865 seu
2304 1827 2413 1865 elon·

1370 1882 1475 1932 gatio
1493 1882 1522 1921 J
1524 1882 1604 1920 ovis
1621 1896 1644 1920 a
1666 1882 1767 1920 Sole.
1809 1882 1977 1930 Insuper
1995 1881 2120 1925 datur,
2141 1894 2208 1928 per
2226 1881 2413 1918 theoriam

1370 1935 1490 1980 Jovis,
1513 1935 1621 1973 locus
1639 1935 1724 1986 ejus
1741 1936 1781 1973 in
1801 1934 1954 1984 propria
1973 1934 2107 1979 orbita,
2136 1942 2174 1971 et
2192 1932 2280 1971 ideo
2299 1941 2415 1971 notus

1371 1996 1428 2027 est
1453 1988 1622 2039 angulus
1648 2001 1766 2038 quem
1793 1987 2125 2035 comprehendunt
2149 1986 2237 2024 duae
2257 1987 2371 2024 lineae
2389 1999 2414 2024 a

1372 2049 1504 2079 centro
1535 2041 1635 2078 Solis
1661 2041 1789 2080 ductoe
1806 2040 1857 2079 ad
1874 2040 1900 2081 J
1904 2052 2014 2078 ovem
2035 2047 2074 2077 et
2092 2039 2141 2077 ad
2163 2041 2323 2078 Terram
2344 2052 2415 2077 seu

1371 2095 1531 2132 oculum
1563 2094 1824 2134 observatoris.
1903 2092 1954 2131 In
1986 2092 2183 2143 triangulo
2214 2092 2335 2143 igitur
2366 2104 2415 2129 ex

1372 2147 1495 2185 tribus
1511 2145 1589 2184 illis
1607 2146 1718 2184 lineis
1737 2146 1840 2186 facto
1858 2146 1970 2196 cujus
1988 2146 2157 2196 angulus
2176 2159 2281 2183 unus
2299 2152 2356 2183 est
2374 2145 2416 2182 in

1372 2199 1487 2237 oculo
1513 2200 1733 2248 spectatoris
1759 2213 1828 2238 seu
1855 2199 1896 2236 in
1927 2197 2061 2245 Terra,
2091 2199 2187 2236 alter
2205 2198 2245 2236 in
2270 2198 2358 2237 Sole
2377 2207 2417 2236 et

1372 2253 1509 2290 tertius
1526 2252 1568 2289 in
1587 2253 1698 2298 Jove,
1729 2253 1870 2291 dantur
1888 2252 2023 2303 anguli
2042 2264 2186 2295 omnes,
2218 2259 2256 2289 et
2274 2249 2416 2290 exinde

1374 2304 1487 2343 datur
1513 2306 1612 2343 ratio
1639 2305 1800 2343 laterum
1830 2318 1898 2343 seu
1924 2305 2022 2343 ratio
2050 2304 2241 2342 distantiae
2260 2303 2370 2344 Jovis
2391 2317 2417 2342 a

1378 2359 1467 2396 Sole
1485 2358 1534 2396 ad
1553 2358 1771 2396 distantiam
1786 2358 1814 2397 J
1816 2358 1897 2396 ovis
1914 2371 1937 2396 a
1958 2356 2080 2396 Terra
2097 2364 2269 2407 tempore
2288 2359 2418 2395 obser-

1373 2411 1548 2450 vationis.
1611 2412 1740 2450 Datur
1769 2409 1869 2458 vero,
1908 2424 1976 2460 per
2007 2410 2193 2449 theoriam
2226 2410 2336 2449 Jovis
2367 2422 2416 2448 ex

1375 2464 1700 2503 observationibus
1714 2464 1974 2511 constitutam,
1991 2463 2088 2501 ratio
2103 2463 2295 2501 distantiae
2307 2463 2335 2502 J
2337 2463 2420 2501 ovis

1375 2531 1399 2556 a
1415 2518 1505 2556 Sole
1523 2517 1695 2566 tempore
1708 2516 1981 2556 observationis
1994 2516 2043 2555 ad
2062 2517 2181 2569 ipsius
2195 2515 2418 2554 distantiam

1376 2570 1609 2609 mediocrem
1638 2584 1662 2608 a
1694 2571 1782 2611 Sole
1809 2570 1870 2609 vel
1900 2583 1923 2608 a
1951 2569 2084 2609 Terra.
2149 2570 2281 2614 Quare·
2305 2569 2419 2607 datur

1376 2624 1474 2661 ratio
1501 2623 1690 2674 distantia?
1717 2623 1827 2665 Jovis
1852 2636 1875 2661 a
1906 2622 2027 2661 Terra
2053 2630 2224 2671 tempore
2242 2624 2417 2660 observa-

1377 2677 1494 2715 tionis
1511 2677 1560 2714 ad
1579 2676 1798 2715 distantiam
1818 2677 1903 2727 ejus
1921 2676 2153 2714 mediocrem
2174 2690 2197 2714 a
2214 2674 2302 2714 Sole
2321 2674 2419 2712 vela

1380 2729 1512 2769 Terra.
1575 2730 1650 2768 Sed
1678 2729 1853 2768 diametri
1880 2737 2103 2778 apparentes
2130 2728 2238 2768 Jovis
2257 2741 2279 2766 e
2298 2726 2419 2765 Terra

1377 2783 1449 2821 visi
1480 2790 1571 2822 sunt
1599 2783 1699 2821 inter
1730 2796 1770 2821 se
1796 2781 1944 2821 inverse
1971 2790 2016 2820 ut
2043 2780 2370 2820 distantiae.Jovis
2394 2793 2418 2818 a

1381 2835 1514 2883 Terra,
1544 2836 1698 2875 dabitur
1724 2836 1852 2887 itaque
1879 2835 1976 2874 ratio
2003 2835 2176 2873 diametri
2201 2833 2418 2883 apparentis

1379 2898 1550 2939 tempore
1568 2889 1841 2929 observationis
1857 2889 1907 2927 ad
1925 2889 2156 2926 diametrum
2170 2887 2415 2936 apparentem

1378 2943 1420 2981 in
1439 2942 1623 2981 mediocri
1641 2941 1822 2984 distantia
1840 2942 1949 2982 Jovis
1966 2954 1990 2980 a
2011 2939 2132 2979 Terra
2150 2940 2209 2978 vel
2233 2939 2332 2977 Sole.

1435 2996 1490 3049 (⁰)
1521 3000 1583 3035 55.
1609 2998 1629 3020 ¹*
1653 2998 1762 3036 Nam
1787 2998 1853 3035 lux
1878 2996 1989 3043 Jovis.
2052 2994 2266 3031 Newtonus
2298 2992 2413 3041 Prop.

1387 3047 1485 3087 VII.
1518 3049 1607 3087 Lib.
1634 3048 1670 3088 I..
1705 3048 1877 3097 Optices,
1907 3046 2178 3096 experimentis
2205 3053 2243 3083 et
2268 3045 2416 3084 calculo

1379 3102 1527 3140 invenit
1552 3101 1669 3152 quod,
1698 3101 1728 3138 si
1752 3113 1799 3144 ex
1820 3107 1966 3151 puncto
1984 3098 2115 3137 lucido
2132 3098 2174 3136 in
2193 3111 2302 3138 axem
2323 3098 2417 3136 tele-

1380 3155 1499 3203 scopii
1525 3154 1649 3204 posito
1675 3154 1725 3193 ad
1752 3154 1950 3204 ingentem
1982 3151 2213 3197 distantiam,
2248 3151 2343 3190 radii
2373 3163 2416 3189 ln

1380 3207 1523 3246 vitrum
1555 3206 1786 3258 objectivum
1814 3206 1988 3243 incidant
2018 3206 2081 3242 axi
2118 3204 2299 3253 paralleli,
2338 3203 2418 3243 dis·

1379 3262 1500 3300 tincta
1527 3268 1566 3298 et
1593 3259 1755 3301 minima
1785 3259 1903 3310 hujus
1933 3257 2067 3307 puncti
2099 3258 2229 3308 imago
2257 3257 2297 3295 in
2329 3256 2416 3295 vitri

1378 3315 1466 3353 foco
1498 3313 1660 3364 depicta,
1691 3320 1750 3351 est
1777 3311 1956 3357 circulus,
1985 3323 2064 3348 non
2101 3309 2191 3349 ver&
2226 3318 2415 3359 punctum

768 1887 819 1932 A

287 3313 384 3352 lium
411 3314 531 3357 Jovis,
565 3314 599 3352 P
626 3313 869 3362 perihelium,
901 3312 937 3352 T
969 3314 1097 3358 Terra,
1127 3313 1199 3353 erit
1234 3315 1269 3355 A
1299 3314 1325 3353 S

287 3367 455 3404 maxima
482 3365 660 3404 distantIa
692 3367 803 3406 Jovis
835 3380 858 3404 a
891 3366 992 3413 Sole,
1025 3367 1051 3405 S
1075 3367 1109 3404 P
1135 3367 1296 3405 minima
1312 3382 1323 3414 ;

293 3421 329 3457 A
353 3420 389 3457 T
408 3417 496 3457 vero
515 3419 682 3457 maxima
700 3419 881 3457 distantia
900 3420 1010 3459 Jovis
1028 3433 1051 3457 a
1072 3418 1204 3466 Terra,
1235 3421 1268 3457 P
1290 3421 1326 3458 T

289 3472 461 3516 minima,
481 3479 521 3507 et
538 3470 624 3508 ideo
643 3473 846 3510 mediocris
864 3472 1046 3511 distantia
1064 3472 1173 3511 Jovis
1192 3486 1214 3510 a
1236 3473 1323 3511 Sole

289 3537 356 3561 seu
377 3524 405 3575 ᾖ
430 3525 464 3561 A
492 3523 630 3573 l’={
655 3527 689 3561 A
711 3528 736 3561 S
750 3527 803 3577 -}-
825 3525 847 3575 ὲ
870 3526 896 3563 S
915 3526 959 3568 P,
981 3534 1019 3563 et
1037 3524 1238 3563 mediocris
1249 3525 1326 3564 dis-

289 3577 410 3614 tantia
424 3577 532 3615 Jovis
544 3590 566 3612 a
576 3576 696 3614 Terra
710 3577 780 3615 erit
793 3579 818 3629 ᾗ
842 3580 876 3615 Λ
884 3579 919 3616 Τ
929 3578 1014 3630 -Ι-τξ
1030 3578 1065 3616 T
1077 3578 1174 3616 P=
1187 3578 1213 3630 ἦ
1234 3583 1268 3616 A
1283 3578 1327 3616 P.

293 3629 425 3673 Quare
437 3630 525 3666 duae
537 3628 612 3665 illoe
625 3630 832 3668 mediocres
845 3630 1034 3669 distantiae
1046 3638 1136 3668 sunt
1147 3631 1324 3681 aequales,

290 3680 453 3730 ideoque
480 3682 742 3732 elongationes
773 3684 952 3720 maximae
978 3682 1257 3722 heliocentricae
1289 3690 1328 3722 et

291 3735 540 3782 geocentricae
568 3734 607 3770 in
635 3735 891 3774 mediocribus
916 3736 992 3775 inis
1019 3736 1208 3776 distantiis
1235 3743 1327 3776 sunt

289 3787 404 3824 etiarn
424 3787 599 3838 mitiales.

1378 3374 1424 3407 ut
1459 3379 1541 3410 esse
1575 3365 1741 3411 deberet,
1786 3366 1960 3402 obstante
1995 3363 2180 3401 nimirum
2215 3376 2295 3401 non
2329 3370 2416 3402 tan-

1379 3426 1464 3461 tum
1509 3418 1597 3457 vitri
1637 3417 1901 3466 sphaericitate,
1948 3416 2017 3454 sed
2054 3416 2247 3466 praecipue
2290 3416 2415 3454 radio-

1378 3484 1468 3515 rum
1494 3470 1675 3521 inaequali
1702 3469 2018 3519 refrangibilitate
2045 3468 2123 3521 qua
2147 3470 2214 3507 lux
2246 3483 2291 3508 ea
2319 3468 2399 3507 dila

1379 3530 1494 3567 tatur.
1582 3523 1687 3561 Nam
1732 3523 1774 3561 in
1810 3522 1907 3560 vitro
1943 3523 2060 3572 plano
2096 3535 2266 3561 convexo
2306 3521 2415 3570 cujus

1381 3575 1601 3620 convexitas
1636 3583 1781 3625 puncto
1813 3575 1944 3614 lucido
1971 3577 2192 3622 obvertitur,
2229 3574 2420 3625 cujusque

1380 3629 1611 3678 sphaericitas
1651 3629 1880 3667 diametrum
1927 3629 2042 3666 habet
2093 3633 2167 3667 100
2210 3627 2297 3677 ped.
2347 3639 2417 3664 seu

1383 3687 1487 3721 1200
1512 3681 1621 3732 djgit.
1646 3689 1822 3730 apertura
1842 3679 1930 3719 vero
1952 3687 1976 3719 4
2001 3681 2106 3732 digit.
2133 3680 2319 3719 diameter
2344 3679 2418 3717 cir-

1378 3734 1465 3773 celli
1484 3734 1552 3785 qui
1571 3746 1617 3770 ex
1637 3734 1722 3771 vitri
1750 3734 2003 3784 sphaericitate
2030 3734 2148 3772 oritur
2179 3734 2250 3771 erit
2267 3732 2317 3770 ad
2334 3732 2418 3770 dia-

1380 3794 1549 3827 metrum
1600 3786 1772 3840 ejusdem
1829 3787 1972 3827 circelli
2020 3784 2190 3826 maxime
2247 3784 2415 3824 distincti
