2528 4172
249 272 354 318 236
751 263 860 320 DE
898 261 1155 315 CAUSA
1193 260 1536 316 PHYSICA
1575 261 1893 317 FLUXUS

247 408 414 477 T85555540-
450 406 682 476 partibus
720 406 895 476 digiti;
934 421 1090 475 quem
1124 420 1220 457 suo
1259 423 1405 457 more
1446 405 1671 461 breviter
1710 406 2056 476 deprehendit
2099 406 2385 460 Newtonus

248 512 360 546 esse
396 496 543 564 pedis
580 494 749 556 unius,
787 493 1070 564 digitorum
1102 493 1344 545 undecim
1369 511 1488 544 cum
1512 496 1578 559 ἵξῃ
1604 504 1751 563 parte
1777 494 1941 565 digiti,
1972 511 2087 565 quae
2115 494 2330 546 altitudo
2358 514 2390 547 a

247 584 425 637 nostra
451 583 623 636 differt
647 581 849 634 tantum
875 581 1019 633 sexta
1042 592 1191 651 parte
1215 580 1369 633 unius
1393 582 1558 652 digiti.

323 671 521 725 Verum
546 674 601 724 in
624 672 726 725 hoc
752 672 950 724 calculo
988 672 1159 724 Terra
1189 672 1498 741 supponitur
1523 690 1634 724 esse
1660 672 1928 741 sphaerica,
1957 672 2056 724 nisi
2084 682 2333 743 quatenus
2359 692 2390 724 a

247 763 300 814 vi
343 763 476 814 Solis
520 781 660 813 mare
700 762 942 814 elevatur.
1021 760 1126 814 Sed
1166 761 1209 812 si
1249 777 1519 812 ascensum
1560 779 1709 831 aquae
1747 761 2034 812 maximum
2073 779 2385 831 quaeramus,

249 853 552 922 ponendum
579 862 655 904 est
683 852 858 905 Solem
885 852 941 903 in
966 851 1159 903 circulo
1184 850 1530 920 aequinoctiali
1555 851 1764 913 versari,
1794 851 2120 922 figuramque
2147 851 2198 903 A
2226 851 2273 903 B
2298 869 2330 902 a
2352 850 2389 903 b

248 942 302 992 in
339 941 440 993 hoc
478 942 635 1010 plano
676 942 931 1004 constitui,
976 953 1029 992 et
1069 939 1308 1012 augenda
1348 949 1426 991 est
1463 939 1539 990 vis
1578 939 1630 991 V
1668 940 1723 991 in
1754 940 1954 992 ratione
2199 986 2221 1008 a

248 1032 637 1084 semi-diametri
672 1033 946 1084 mediocris
980 1031 1048 1083 ad
1082 1030 1545 1084 semi-diametrum
1572 1030 1755 1082 Terrae
1784 1033 1948 1083 maxi·
2060 1098 2084 1104 -
2203 1086 2226 1108 ξ,
2362 1093 2380 1104 ἳ

246 1140 406 1185 mum,
447 1133 499 1175 et
533 1122 814 1174 minuenda
844 1131 923 1174 est
949 1121 1026 1173 vis
1054 1121 1108 1174 G
1132 1120 1299 1172 donec
1324 1120 1507 1172 evadat
1532 1120 1744 1189 aequalis
1780 1121 1949 1190 gravi-
2050 1117 2082 1149 ¹²
2341 1094 2382 1125 b

246 1211 339 1262 tati
379 1211 473 1262 sub
509 1221 802 1281 aequatore:
844 1210 877 1262 i.
905 1229 949 1262 e.
987 1210 1030 1261 si
1066 1209 1289 1280 figuram
1326 1209 1510 1261 Terrae
1543 1227 1658 1260 eam
1688 1227 1799 1261 esse
1828 1227 1950 1278 sup·
2224 1212 2277 1246 Α

246 1316 499 1366 ponamus
538 1318 694 1369 quam
730 1297 963 1350 definivit
1000 1297 1301 1361 Newtonus‚
1342 1296 1580 1368 augenda
1605 1297 1700 1348 erit
1724 1298 1797 1348 vis
1823 1297 1874 1349 V
1897 1298 1953 1348 in

246 1389 446 1441 ratione
489 1398 592 1443 459
637 1390 704 1441 ad
744 1397 868 1454 460,
911 1398 962 1440 et
1000 1388 1281 1440 minuenda
1321 1398 1397 1440 est
1438 1389 1492 1441 G
1534 1388 1589 1439 in
1629 1388 1809 1441 eadem
1847 1388 1954 1442 fere

247 1480 462 1543 ratione,
505 1480 748 1550 quoniam
785 1479 918 1531 vires
955 1479 1218 1550 gravitatis
1251 1479 1305 1529 in
1331 1479 1601 1548 superficie
1628 1479 1810 1532 Terrae
1836 1490 1956 1533 sunt

246 1567 448 1620 inverse
474 1578 532 1620 ut
559 1568 813 1643 distantiae
837 1568 1070 1619 locorum
1095 1588 1126 1619 a
1152 1577 1359 1630 centr03
1400 1566 1619 1638 cumque
1644 1569 1885 1621 distantia
1921 1570 1957 1622 d

249 1659 315 1710 sit
340 1658 578 1729 augenda
606 1659 660 1709 in
686 1657 869 1714 eadem
895 1654 1109 1720 ratione,
1138 1657 1235 1709 erit
1259 1675 1501 1709 ascensus
1528 1677 1676 1727 aquae
1701 1658 1755 1708 in
1780 1677 1954 1728 aequa-
2205 1689 2251 1750 ᾗ
2274 1693 2300 1727 S

248 1761 362 1803 tore
389 1749 655 1820 augendus
689 1749 743 1799 in
769 1748 969 1799 ratione
992 1747 1249 1816 triplicata
1274 1747 1663 1798 semi-diametri
1687 1747 1963 1798 mediocris
2210 1733 2212 1735 A

251 1839 320 1891 ad
356 1839 653 1901 maximam,
729 1837 964 1907 adeoque
989 1837 1086 1888 erit
1109 1837 1256 1906 pedis
1293 1837 1462 1900 unius,
1504 1836 1784 1907 digitorum
1821 1838 2061 1890 undecim
2100 1847 2218 1891 cum
2257 1847 2382 1893 60¹⁷¹¹a

252 1930 455 1982 circiter
490 1938 638 1998 parte
664 1929 827 2000 digiti.
905 1929 1073 1981 Terra
1097 1939 1271 1981 autem
1308 1928 1459 1980 altior
1485 1937 1563 1980 est
1598 1928 1694 1980 sub
1719 1940 1980 1999 aequatore
2007 1930 2162 2002 quam
2197 1933 2394 2001 prodiit

253 2017 451 2071 calculo
469 2017 811 2069 Newtoniano
827 2036 894 2068 ex
917 2016 1193 2087 hypothesi
1219 2016 1361 2088 quod
1382 2017 1549 2069 Terra
1565 2018 1629 2068 sit
1646 2017 1968 2071 uniformiter
1986 2020 2144 2073 densa
2164 2041 2194 2072 a
2214 2040 2394 2091 super-

253 2109 369 2160 ficie
394 2127 559 2179 usque
584 2107 651 2160 ad
677 2119 937 2170 centrum3
976 2118 1035 2159 ut
1062 2108 1320 2178 colligitur
1357 2127 1424 2161 ex
1460 2109 1614 2161 variis
1649 2110 1995 2178 pendulorum
2021 2113 2393 2165 observationi-

251 2200 368 2262 bus,
422 2210 473 2251 et
520 2199 808 2268 praesertim
847 2218 913 2251 ex
955 2199 1194 2252 mensura
1239 2200 1430 2272 gradus
1467 2201 1738 2253 meridiani
1777 2222 1932 2273 quam
1980 2205 2077 2256 viri
2126 2206 2393 2258 clarissimi

254 2308 422 2357 nuper
448 2289 793 2340 definiverunt
819 2288 1196 2341 accuratissime
1223 2291 1319 2342 sub
1346 2291 1538 2342 circulo
1563 2290 1745 2359 polari.

326 2381 484 2432 Schol.
517 2385 563 2430 1.
607 2378 662 2430 Si
697 2379 1003 2448 gravitatem
1038 2379 1390 2447 posuissemus
1422 2380 1678 2450 ‘aequalem
1713 2380 1769 2431 in
1806 2381 1857 2432 A
1883 2390 1935 2433 et
1973 2381 2036 2446 B,
2076 2392 2127 2435 et
2163 2383 2395 2453 ejusdem

2123 2472 2290 2524 3Vd

2156 2556 2270 2608 QG

259 2662 497 2696 ascensus
535 2662 682 2713 aquae
721 2647 833 2714 (seu
860 2649 891 2693 2
919 2643 975 2707 x)
1015 2642 1163 2711 pedis
1203 2643 1371 2706 unius,
1411 2642 1693 2714 digitorum
1732 2662 1823 2694 sex
1856 2661 1974 2696 cum
2009 2641 2157 2694 tertia
2193 2644 2395 2696 circiter

257 2743 405 2803 parte
429 2733 593 2804 digiti.
669 2733 881 2802 Quippe
905 2734 960 2784 in
984 2732 1083 2785 1130
1109 2732 1385 2803 hypothesi
1408 2733 1685 2803 prodiisset
1712 2734 1757 2786 C
1776 2735 1828 2786 A
1853 2734 1920 2785 ad
1949 2734 1993 2786 C
2012 2735 2075 2797 B,
2103 2744 2162 2786 ut
2188 2734 2242 2788 G
2266 2744 2318 2798 -Ι-
2344 2736 2396 2788 V

261 2857 327 2910 ad
355 2857 409 2909 G
432 2889 505 2897 —
530 2862 561 2907 2
589 2856 656 2919 V,
691 2855 924 2927 adeoque
948 2875 985 2908 x
1010 2855 1077 2907 ad
1103 2856 1153 2920 d,
1194 2866 1252 2907 ut
1278 2824 1391 2905 ΞΥ.
1416 2855 1480 2907 ad
1505 2855 1558 2908 G
1579 2854 1732 2925 quam
1758 2854 2011 2925 proxime.
2075 2856 2249 2926 Atque
2273 2856 2396 2909 hinc

1319 2916 1351 2960 2

262 3009 477 3070 apparet
502 3000 693 3052 utilitas
718 2999 1125 3068 praecedentium
1153 2998 1589 3067 Propositionum‚
1632 2996 1750 3050 cum
1774 3016 2014 3050 ascensus
2041 3017 2189 3068 aquae
2214 3017 2398 3050 secun-

267 3088 393 3143 dum
430 3096 566 3142 hanc
601 3088 771 3142 minsis
808 3100 1101 3142 accuratam
1136 3089 1472 3159 hypothesim
1507 3090 1677 3140 minor
1702 3089 1767 3140 sit
1793 3106 2006 3140 ascensu
2031 3106 2187 3158 quem
2218 3089 2273 3139 in
2298 3087 2398 3142 hac

255 2500 331 2553 vis
359 2500 414 2551 in
438 2498 545 2552 tota
573 2499 980 2552 circumferentia
1009 2501 1060 2552 A
1089 2501 1135 2552 B
1163 2520 1194 2551 a
1217 2501 1268 2563 b,
1296 2501 1572 2569 prodiisset
1595 2520 1631 2552 x
1658 2502 1868 2571 aequalis
1894 2502 2094 2553 tantum
2294 2541 2309 2566 ‚
2343 2512 2397 2555 et

266 3213 629 3283 Propositione
654 3216 997 3280 definivimuS,
1025 3214 1311 3268 differentia
1334 3184 1521 3321 {3422}ss
1562 3215 1742 3287 quarta
1769 3216 1962 3269 scilicet
1984 3226 2133 3286 parte
2158 3229 2396 3268 ascensus

264 3356 416 3408 illius.

335 3446 494 3498 schol.
523 3454 572 3500 2.
612 3449 698 3502 Ex
733 3449 832 3502 hac
862 3449 1095 3502 doctrina
1129 3459 1272 3519 patet
1300 3450 1540 3502 satellites
1565 3448 1706 3502 Jovis
1737 3449 1845 3502 Soli
1869 3458 1920 3501 et
1946 3448 2042 3501 sibi
2067 3445 2248 3500 mutuo
2276 3464 2401 3498 con-

260 3538 472 3607 junctos
510 3540 592 3589 vel
630 3541 894 3608 oppositos
919 3541 974 3591 in
1001 3559 1198 3592 oceano
1216 3541 1395 3610 joviali
1432 3541 1497 3609 (si
1521 3540 1656 3591 1111115
1682 3541 1766 3606 sit)
1805 3541 2038 3611 ingentes
2063 3548 2234 3591 motus
2260 3539 2400 3590 exci-

267 3619 379 3677 tare
416 3624 620 3688 debere,
659 3628 816 3680 modo
851 3648 958 3681 non
996 3629 1097 3681 sint
1133 3628 1286 3682 Luna
1320 3627 1492 3680 nostra
1525 3627 1689 3683 multo
1715 3630 1972 3691 minores3
2011 3626 2129 3679 cum
2153 3627 2401 3679 diameter

268 3715 303 3767 J
305 3716 414 3767 ovis
452 3715 518 3767 ad
557 3715 852 3769 distantiam
888 3720 1136 3789 cujusque
1173 3719 1403 3771 satellitis
1436 3717 1600 3770 multo
1638 3719 1887 3788 majorem
1907 3717 2111 3769 ‘habeat
2151 3716 2404 3768 rationem

270 3804 427 3877 quam
463 3807 713 3860 diameter
753 3808 935 3863 Terrae
970 3811 1037 3864 ad
1074 3811 1368 3864 distantiam
1404 3810 1588 3864 Lunae.
1661 3809 1954 3864 Verisimile
1985 3817 2062 3862 est
2089 3807 2403 3860 mutationes
