2528 4172
196 298 379 349 me
401 296 702 362 TERTIUS]
764 293 1169 349 PRINCIPIA
1210 293 1829 348 MATHEMATICA.
2265 302 2325 350 71

191 441 325 477 eodem
354 441 469 489 plano
496 444 580 491 (per
599 446 634 479 6.
662 440 742 477 ΧΙ.
771 437 922 487 Elem.)
942 434 1107 486 ideoque
1131 436 1233 474 linea
1343 437 1399 476 Ut
1426 437 1630 488 longitudo
1649 452 1716 477 seu
1735 437 1957 476 rectificatio
1976 437 2059 488 ejus
2077 448 2206 474 curvae
2230 438 2329 475 obti-

197 494 231 530 P
262 507 286 541 p
320 496 459 532 secabit
492 495 632 531 lineam
672 494 720 530 M
753 493 806 536 N,
846 498 885 528 et
915 488 1007 528 cum
1039 490 1232 539 triangula
1285 499 1433 535 matur,
1468 490 1660 529 ducantur
1692 505 1715 529 a
1745 490 1889 540 puncto
1923 491 1956 528 P
1984 490 2034 528 ad
2074 489 2154 528 duo
2185 498 2329 538 puncta

194 548 228 583 P
254 549 289 584 R
314 548 357 592 C,
380 562 404 596 p
424 561 442 584 r
465 548 495 586 C
515 548 590 584 sint
608 546 769 597 aequalia
786 552 940 594 propter
958 555 977 579 r
997 556 1021 591 p
1038 559 1095 579 =
1120 544 1158 581 R
1180 543 1228 587 P,
1284 543 1459 592 proxima
1476 546 1700 593 peripheriae
1722 545 1768 582 M
1796 546 1834 582 D
1857 545 1897 582 N
1919 547 1955 584 E
1976 544 2089 581 lineae
2114 544 2146 581 P
2163 545 2207 588 Z,
2236 544 2324 589 Pz;

190 601 353 649 angulos
382 609 513 645 rectos,
543 609 580 637 et
607 599 771 649 angulos
790 611 858 647 per
878 596 1056 634 verticem
1075 596 1226 644 opposi-
1281 597 1445 633 abscissa
1459 597 1591 635 circuli
1611 598 1824 635 secundum
1840 597 2069 635 diametrum
2085 610 2108 634 a
2127 604 2272 644 puncto
2286 598 2325 634 N

187 661 255 695 tos,
287 654 410 703 sitque
439 654 475 690 N
496 666 514 689 r
532 669 587 688 =
612 653 656 689 M
683 653 720 689 R
741 652 841 689 linea
864 651 897 687 P
915 663 940 698 p
960 649 1134 686 transibit
1161 661 1228 697 per

187 716 360 743 centrum
385 707 440 750 C;
471 706 542 742 erit
560 706 675 742 etiam
695 704 795 742 linea
821 704 853 741 P
867 717 892 752 p
911 705 951 740 in
974 702 1088 750 plano
1108 702 1225 739 trian-

184 759 269 809 guli
305 760 335 795 Z
362 760 434 808 Pg
465 757 556 795 cum
589 760 726 795 habeat
759 767 902 807 puncta
933 756 966 793 P
989 763 1026 792 et
1049 755 1081 793 C
1109 756 1148 792 in
1178 768 1224 792 eo

184 812 323 859 plano;
353 811 442 849 inde
469 813 500 848 si
523 812 740 862 jungantur
767 811 880 848 lineae
910 810 941 846 Z
970 821 1008 856 p,
1035 809 1058 855 ζ
1076 821 1112 857 p,
1144 817 1223 846 tota

182 864 308 914 figura
341 865 373 902 P
392 866 423 901 Ζ
443 877 468 912 p
489 866 511 911 ζ
538 865 609 901 erit
635 865 676 902 in
704 864 838 902 eodem
864 864 992 911 plano,
1013 870 1052 898 et
1070 871 1224 910 propter

182 919 346 967 aequales
369 918 403 955 P
422 919 465 962 C,
482 931 505 966 p
525 918 569 962 C,
586 918 616 954 Z
642 919 686 963 C,
705 919 737 956 C
752 919 775 965 ζ
792 925 830 954 et
849 915 1013 965 angulos
1032 914 1221 962 intercep-

181 979 239 1007 tos
258 982 324 1017 per
344 972 520 1008 verticem
540 971 734 1018 oppositos
752 970 865 1008 lineae
887 970 922 1007 P
943 969 986 1013 Z,
1016 981 1041 1016 p
1062 968 1085 1015 ζ
1108 976 1223 1005 erunt

181 1024 356 1073 aequales.
396 1031 441 1061 ut
476 1032 514 1061 et
549 1024 659 1060 lineae
701 1025 735 1061 P
764 1025 796 1071 ζ,
828 1036 852 1072 p
888 1023 931 1068 Z,
970 1022 1060 1058 hinc
1096 1020 1221 1071 figura

181 1076 217 1115 P
246 1078 277 1113 Z
299 1090 323 1125 p
354 1079 375 1126 ζ
404 1085 460 1114 est
492 1077 847 1128 parallelogramma
878 1076 990 1126 cujus
1023 1074 1056 1111 P
1082 1086 1106 1121 p
1139 1074 1217 1111 sive

179 1135 202 1166 2
231 1130 266 1167 Ρ
298 1131 331 1174 C
363 1139 419 1167 est
447 1129 687 1180 diagonalis;
727 1142 844 1180 quare
876 1128 967 1167 cum
1000 1126 1216 1175 pyramides

175 1185 326 1220 trahant
345 1183 557 1220 secundum
577 1183 803 1220 directiones
825 1183 859 1220 P
881 1183 925 1228 Z,
954 1182 989 1219 P
1010 1182 1043 1228 ζ,
1072 1180 1215 1217 viribus

174 1250 261 1287 quae
280 1245 370 1273 sunt
390 1244 433 1273 ut
456 1237 489 1273 P
507 1237 536 1273 Z
557 1236 604 1273 ad
629 1237 662 1273 P
682 1238 715 1284 ζ,
738 1237 792 1273 vis
811 1234 900 1273 inde
918 1234 1104 1273 resultans
1123 1233 1213 1269 diri-

174 1298 287 1339 getur
314 1289 529 1327 secundum
556 1289 800 1340 diagonalem
828 1290 864 1328 P
890 1302 929 1338 p,
957 1288 1035 1325 sive
1064 1291 1087 1323 2
1110 1286 1145 1324 P
1169 1287 1213 1332 C,

173 1355 284 1392 eique
303 1343 374 1380 erit
393 1344 695 1391 proportionalis.

228 1396 345 1440 Quod
374 1395 464 1432 cum
493 1396 546 1434 ita
572 1397 620 1433 sit
647 1396 694 1434 de
722 1395 901 1433 omnibus
927 1392 1082 1443 punctis
1114 1392 1143 1429 Z
1170 1391 1211 1428 in

170 1447 481 1487 circumferentia
511 1450 558 1486 M
586 1450 626 1486 D
658 1450 698 1487 N
725 1449 762 1486 E
796 1447 1005 1493 sumendis,
1037 1445 1211 1483 attractio

170 1502 302 1550 puncti
327 1502 361 1539 P
378 1503 426 1539 ab
445 1503 623 1540 omnibus
641 1502 795 1551 paribus
813 1499 1056 1551 pyramidum
1076 1498 1116 1534 in
1136 1498 1209 1535 cir-

168 1553 422 1593 cumferentia
450 1555 533 1605 ejus
563 1555 698 1594 circuli
729 1557 1036 1601 terminatarum,
1066 1550 1139 1590 erit
1164 1557 1210 1590 ut

153 2601 177 2633 2
199 2595 235 2635 P
255 2597 287 2636 C
306 2599 560 2650 multiplicata
576 2615 645 2651 per
662 2611 869 2643 numerum
887 2604 1039 2654 parium
1058 2615 1192 2648 earum

149 2651 418 2699 pyramidum3
448 2655 526 2693 sive
545 2657 617 2695 erit
643 2664 689 2694 ut
719 2657 754 2708 P
776 2658 808 2696 C
836 2658 918 2707 ipsa
936 2660 1191 2711 multiplicata

148 2715 216 2750 per
236 2716 443 2744 numerum
460 2709 637 2747 omnium
659 2709 694 2748 P
714 2711 746 2747 Z
765 2710 815 2749 ad
841 2712 1191 2754 circumferentiam

150 2756 200 2793 M
222 2757 262 2794 D
285 2758 325 2795 N
346 2759 383 2797 E
409 2761 710 2801 terminatarum.

203 2809 384 2861 Denique
402 2820 446 2850 ut
464 2815 680 2854 obtineatur
697 2828 883 2855 numerus
906 2831 1041 2857 earum
1068 2820 1188 2859 linear-

146 2873 234 2899 rum
251 2863 286 2901 P
297 2864 327 2901 Z
340 2865 390 2903 ad
404 2866 751 2907 circumferentiam
763 2870 975 2919 quamlibet
988 2873 1036 2911 M
1046 2874 1086 2911 D
1098 2875 1138 2912 N
1149 2876 1187 2913 E

146 2917 449 2975 terminatarum,
471 2922 750 2960 observandum
770 2931 837 2967 est,
860 2935 923 2962 eas
940 2924 1061 2964 lineas
1079 2940 1187 2977 egre-

145 2966 293 3028 dientes
323 2974 371 3009 ab
399 2973 670 3023 hemisphaerio
699 2975 802 3013 circa
836 2976 872 3014 P
907 2976 1108 3028 descrIpto,
1146 2981 1189 3019 in

144 3032 226 3082 ejus
252 3024 453 3072 superficie
479 3027 630 3077 signare
657 3028 800 3066 lineam
826 3042 984 3068 curvam
1006 3032 1189 3083 (duplicis

144 3073 300 3121 quidem
326 3086 540 3117 curvaturae
561 3082 717 3130 quando
746 3081 781 3119 P
799 3095 880 3120 non
904 3083 1081 3123 imminet
1100 3099 1186 3135 per-

145 3126 439 3188 pendiculariter
457 3141 588 3171 centro
606 3135 649 3178 C,
670 3135 745 3172 isto
764 3136 868 3173 enim
887 3136 928 3173 in
948 3149 1039 3175 casu
1057 3139 1185 3189 signa-

143 3186 229 3216 rent
246 3183 452 3234 circulum)
482 3193 521 3223 et
544 3195 697 3235 propter
716 3188 973 3238 aequalitatem
993 3190 1186 3230 distantiae

144 3242 352 3295 concur-sus
379 3249 513 3276 eorum
544 3240 677 3278 axium
708 3254 801 3279 cum
829 3242 1030 3291 superficie
1061 3245 1184 3283 hemi-

143 3284 294 3330 sphaern
319 3290 385 3339 (cx
412 3293 712 3343 constructione)
734 3307 919 3333 numerus
936 3308 1066 3334 earum
1087 3297 1185 3336 line-

141 3340 350 3397 arum-erit
376 3350 421 3382 ut
446 3343 649 3395 longitudo
676 3347 760 3398 ejus
783 3347 895 3385 lineae
914 3361 1041 3387 curvae
1059 3350 1100 3387 in
1119 3364 1184 3389 su-

140 3388 293 3435 perficoe
320 3393 575 3454 hemisphaerii
615 3398 798 3450 signatae3
840 3402 918 3439 huc
954 3415 1047 3453 ergo
1082 3404 1183 3443 redit

140 3449 221 3479 tota
237 3453 409 3493 quaestlo,
428 3456 485 3495 ut,
506 3450 596 3489 dato
614 3460 759 3500 puncto
782 3455 816 3491 P
829 3454 988 3506 ejusque
1006 3455 1182 3495 ordinata

143 3492 179 3530 P
202 3495 240 3539 Q
259 3496 310 3534 ad
326 3510 437 3537 axem
456 3502 567 3541 solidi
586 3505 755 3552 rotundi,
775 3505 1007 3558 sumptaque
1025 3516 1071 3547 ut
1088 3509 1182 3548 libet

137 3547 303 3586 absmssa
339 3551 377 3588 A
408 3552 454 3613 C,
486 3555 571 3605 ejus
601 3557 776 3597 ordinata
812 3560 844 3599 C
874 3561 933 3605 M,
969 3569 1008 3599 et
1038 3562 1184 3600 circulo

138 3598 191 3660 M
213 3602 312 3664 D.N
328 3603 365 3641 E
385 3617 468 3654 eJus
484 3607 670 3649 ordinatae
688 3612 960 3651 convolutione
978 3614 1180 3663 descripto,

136 3664 355 3715 :attentatur
381 3657 586 3709 longitudo
613 3674 739 3700 curvae
765 3665 964 3715 descriptae
988 3667 1030 3704 in
1048 3680 1181 3716 super-

135 3705 223 3767 fiqle
240 3711 398 3758 sphaerae
417 3712 550 3764 (cujus
568 3713 697 3753 radius
717 3716 753 3755 P
775 3718 802 3756 S
819 3719 869 3757 ad
887 3719 1056 3757 lubitum
1075 3734 1181 3758 assu-

134 3764 272 3811 mitur)
303 3775 372 3812 per
402 3763 708 3805 intersectionem
742 3770 829 3808 coni
860 3772 1035 3811 inclinati
1071 3774 1183 3825 cujus

135 3823 264 3855 vertex
282 3824 340 3856 est
361 3817 409 3866 P,
430 3819 531 3857 basis
549 3819 640 3859 verb
662 3821 710 3860 M
728 3822 770 3861 D
788 3823 828 3862 N
846 3823 896 3863 Ε.

1280 649 1474 687 remotiori
1503 663 1526 686 a
1553 659 1698 699 puncto
1727 652 1761 689 P
1788 661 1972 694 sumatur,
1995 651 2145 700 sintque
2171 651 2209 687 N
2231 659 2258 687 Γ
2287 659 2324 688 et

1283 712 1309 740 Γ
1342 703 1372 739 Ζ
1406 702 1568 740 abscissa
1597 713 1635 742 et
1665 705 1839 741 ordinata
1879 704 2011 741 circuli
2051 704 2323 751 respondentes

1278 764 1423 803 puncto
1450 756 1494 800 Z,
1530 756 1679 795 dicatur
1715 759 1752 794 N
1774 767 1814 803 Γ,
1845 770 1883 800 x,
1914 766 1940 794 Γ
1963 758 2006 802 Ζ,
2033 771 2081 806 y;
2115 758 2148 794 Z
2166 770 2194 799 z,
2229 756 2254 793 d
2274 770 2319 804 v;

1277 816 1357 846 tota
1375 809 1561 847 diameter
1581 811 1630 848 M
1652 812 1703 854 N,
1723 810 1751 855 f,
1773 811 1940 858 duplum
1958 811 2143 848 ordinatae
2166 810 2200 847 P
2215 810 2256 854 Q
2273 811 2321 848 sit

1276 875 1315 912 g,
1350 862 1516 911 denique
1547 860 1742 901 si'centro
1776 863 1809 901 P
1834 863 1942 900 radio
1972 864 2008 901 P
2031 864 2057 901 S
2086 863 2321 901 describatur

1275 928 1385 953 arcus
1414 916 1439 953 S
1459 928 1488 960 s,
1517 916 1581 954 ille
1612 930 1722 954 arcus
1752 917 1778 954 S
1797 930 1814 954 s
1833 916 1904 954 erit
1931 917 2167 954 elementum
2192 929 2319 954 curvae

1274 969 1445 1017 quaesitae
1472 971 1707 1018 respondens
1735 970 1926 1007 elemento
1953 970 2086 1007 circuli
2114 973 2139 1007 d
2158 983 2192 1007 v.
2254 970 2318 1008 Ex

1283 1023 1325 1068 Ρ,
1346 1031 1390 1060 ut
1410 1022 1523 1071 prius,
1554 1023 1779 1061 demittatur
1805 1023 1845 1059 in
1865 1023 2055 1060 circulum
2083 1024 2129 1061 M
2153 1024 2195 1061 D
2216 1023 2258 1060 N
2282 1024 2317 1061 E

1270 1111 1590 1160 perpendiculum
1612 1110 1647 1147 P
1665 1111 1716 1155 R,
1737 1110 1808 1148 erit
1827 1110 1865 1147 R
1882 1111 1912 1150 C
1927 1126 1985 1147 =
2008 1109 2043 1147 P
2061 1110 2102 1155 Q,
2117 1126 2175 1147 =
2196 1090 2259 1180 ξ,
2269 1121 2317 1146 ex

1276 1198 1315 1235 R
1329 1197 1520 1235 ducantur
1539 1198 1651 1235 lineae
1674 1197 1713 1233 R
1730 1197 1761 1233 Z
1781 1204 1819 1234 et
1842 1197 1922 1241 Rz,
1945 1205 1982 1235 et
2001 1205 2134 1234 centro
2157 1198 2189 1235 C
2208 1195 2317 1233 radio

1275 1251 1314 1289 R
1331 1252 1362 1289 Z
1382 1252 1617 1289 describatur
1636 1263 1747 1288 arcus
1767 1250 1798 1286 Z
1818 1250 1859 1287 K
1879 1260 1924 1288 ut
1943 1252 1990 1288 sit
2014 1251 2052 1287 R
2071 1250 2113 1287 K
2131 1266 2188 1287 =
2213 1251 2251 1288 R
2269 1250 2314 1294 Z,

1270 1317 1316 1341 ex
1346 1312 1478 1343 centro
1510 1306 1541 1343 C
1571 1304 1736 1341 ducatur
1754 1304 1802 1341 ad
1823 1304 1854 1340 Z
1874 1304 2003 1341 radius
2032 1305 2063 1341 C
2086 1305 2130 1349 Z,
2161 1314 2199 1342 et
2228 1316 2314 1352 per-

1267 1358 1518 1405 pendiculum
1552 1359 1584 1397 C
1606 1358 1644 1395 Y
1671 1357 1711 1393 in
1730 1357 1873 1393 lineam
1896 1358 1935 1395 R
1952 1358 1997 1403 Z,
2017 1357 2105 1395 dico
2129 1356 2185 1394 10.
2209 1357 2315 1408 quod

1266 1411 1484 1460 triangulus
1509 1413 1546 1449 R
1565 1411 1596 1449 C
1613 1412 1649 1448 Y
1668 1418 1724 1448 est
1738 1410 1874 1446 similis
1886 1411 2081 1462 triangulo
2104 1412 2143 1448 R
2157 1411 2187 1447 Z
2203 1421 2242 1456 Γ,
2264 1413 2314 1448 ob

1264 1465 1455 1515 angulum
1475 1466 1516 1502 in
1539 1466 1578 1503 R
1597 1475 1858 1509 communem,
1879 1472 1918 1502 et
1935 1473 2058 1502 rectos
2079 1473 2105 1501 Γ
2120 1473 2158 1502 et
2175 1465 2224 1511 Y,
2239 1477 2313 1501 un-

1263 1551 1387 1590 deest
1410 1552 1497 1590 ΒΖ
1519 1525 2312 1632 adzr(y)sieut1tc({)adcy

1431 1690 1756 1759 [ης-’ἡκ
1753 1724 1757 1751 i
1763 1702 1814 1752 Q,

1627 1866 1675 1902 Χῖ,-
1748 1884 1753 1904 3

1574 2683 1748 2775 §fig-2⁵⁸³
1785 2704 1845 2742 20.
1879 2704 2098 2755 triangulus
2141 2705 2172 2743 C
2196 2706 2226 2742 Z
2255 2705 2292 2742 Y

1243 2797 1301 2828 est·
1319 2788 1453 2827 similis
1472 2788 1668 2840 triangulo
1685 2791 1716 2828 Z
1736 2791 1776 2829 K
1792 2804 1836 2838 z;
1858 2804 1949 2829 nam
1960 2791 2130 2843 angulus
2151 2792 2188 2828 R
2203 2792 2233 2828 Z
2250 2791 2287 2830 K

1243 2850 1301 2881 est
1317 2852 1444 2880 rectus
1463 2855 1531 2891 per
1548 2851 1687 2881 constr.
1707 2845 1890 2894 quoniam
1910 2844 2128 2895 triangulus
2150 2845 2187 2882 R
2201 2845 2231 2881 Z
2250 2844 2289 2884 K

1242 2903 1300 2933 est
1326 2896 1512 2941 isosceles,
1532 2897 1702 2946 angulus
1720 2896 1810 2935 vero
1843 2898 1874 2936 C
1898 2898 1928 2934 Z
1945 2912 1963 2935 z
1993 2906 2048 2935 est
2067 2898 2183 2935 etiam
2209 2911 2288 2935 rec-

1242 2956 1305 2986 tus
1325 2962 1391 2997 per
1409 2956 1585 2987 naturam
1606 2950 1753 2996 circuli,
1782 2951 1888 2988 unde
1913 2952 2071 3000 dempto
2090 2952 2288 2988 communi

1245 3002 1278 3040 C
1297 3002 1328 3039 Z
1349 3002 1389 3039 K
1407 3010 1567 3039 manent
1584 3003 1750 3052 aequales
1768 3004 1902 3055 anguli
1928 3005 1959 3041 C
1977 3006 2007 3042 Z
2028 3006 2064 3042 Y
2082 3012 2120 3041 et
2149 3004 2189 3041 K
2207 3005 2237 3041 Z
2254 3017 2286 3047 z,

1242 3065 1425 3104 praeterea
1442 3055 1579 3107 anguli
1598 3055 1639 3093 in
1661 3057 1699 3095 Y
1718 3065 1756 3095 et
1778 3057 1819 3094 K
1839 3065 1930 3095 sunt
1955 3060 2069 3097 recti:
2105 3057 2177 3095 erit
2195 3070 2289 3107 ergo

1242 2702 1347 2754 quod
1365 2701 1437 2741 erit
1454 2711 1547 2754 ergo

1240 3108 2036 3224 radiusCZ({)adCY(2{zyZ
2101 3142 2285 3183 sicutZz

1241 3259 1848 3313 (dv)adKun0deritergo
1932 3242 1999 3278 gy
2088 3259 2206 3300 dv.v

1291 3348 1353 3386 50.
1390 3349 1570 3386 Ducatur
1590 3360 1636 3385 ex
1660 3347 1694 3384 P
1713 3347 1815 3385 linea
1838 3347 1871 3384 P
1892 3346 1945 3393 K,
1976 3361 2021 3385 ea
2039 3349 2111 3387 erit
2130 3350 2288 3401 aequalis

1238 3402 1349 3442 lineae
1371 3400 1407 3440 P
1423 3402 1467 3446 Z,
1495 3413 1586 3438 nam
1605 3399 1790 3451 trianguli
1814 3401 1848 3438 P
1872 3401 1911 3438 R
1933 3401 1976 3447 Z,
2002 3402 2037 3440 P
2055 3403 2093 3440 R
2113 3404 2154 3441 K
2173 3414 2288 3442 erunt

1237 3455 1404 3505 aequales
1422 3457 1471 3492 ob
1486 3465 1734 3491 communem
1758 3454 1793 3491 P
1810 3454 1862 3500 R,
1882 3455 2048 3505 aequales
2067 3469 2134 3504 per
2148 3465 2288 3495 constr.

1242 3510 1281 3547 R
1298 3508 1329 3545 Z
1360 3515 1399 3545 et
1434 3508 1473 3544 R
1492 3507 1547 3552 K,
1582 3514 1620 3543 et
1652 3506 1818 3557 angulos
1843 3507 1886 3544 in
1920 3508 1959 3545 R
1988 3516 2110 3547 rectos
2138 3513 2226 3562 (per
2246 3515 2282 3548 4.

1241 3561 1323 3600 xl.
1351 3560 1531 3608 Elem.);
1560 3558 1651 3596 hinc
1670 3560 1702 3596 si
1729 3559 1836 3598 radio
1868 3561 1902 3598 P
1924 3561 1979 3607 K,
2010 3572 2143 3600 centro
2166 3564 2201 3601 P
2220 3564 2287 3601 de-

1238 3615 1424 3652 scribatur
1452 3625 1564 3650 arcus
1598 3612 1639 3649 K
1654 3630 1693 3658 ω,
1729 3613 1800 3651 erit
1821 3614 1856 3651 P
1870 3632 1897 3652 ω
1916 3631 1972 3651 =
1992 3616 2027 3653 P
2044 3616 2075 3653 Z
2105 3626 2144 3655 et
2175 3630 2288 3655 arcus

1240 3668 1270 3705 Z
1290 3686 1316 3705 ω
1344 3665 1481 3703 similis
1508 3666 1579 3704 erit
1606 3666 1796 3704 elemento
1815 3668 1977 3718 quaesito
2006 3672 2031 3707 S
2050 3682 2080 3715 S,
2111 3677 2149 3708 et
2168 3670 2285 3708 trian-

1237 3720 1356 3771 gulus
1378 3719 1408 3756 Z
1429 3731 1448 3754 z
1468 3737 1494 3756 ω
1513 3720 1760 3770 rectangulus
1779 3722 1850 3758 erit
1869 3722 1908 3758 in
1928 3740 1968 3759 ω.

1296 3774 1428 3814 Porro,
1459 3772 1675 3822 triangulus
1706 3773 1747 3811 K
1763 3792 1789 3811 ω
1809 3787 1828 3810 Ζ
1847 3776 1919 3814 erit
1936 3776 2073 3813 similis
2092 3777 2288 3825 triangulo

1242 3826 1277 3866 P
1299 3826 1336 3864 R
1352 3839 1371 3862 z
1390 3826 1440 3862 ob
1458 3826 1648 3876 angulum
1668 3838 1918 3866 communem
1937 3828 1979 3865 in
1998 3842 2030 3876 z,
2048 3838 2087 3868 et
2105 3838 2227 3868 rectos
2246 3829 2286 3865 iu
