2528 4172
273 307 349 344 xx
1051 278 1606 335 INTRODUCTIO
2178 277 2339 340 [CAP.
2371 276 2415 327 Ι.

279 433 583 503 dicaturque
620 441 668 482 11
701 448 730 481 r
765 449 800 480 σε·
829 428 1028 498 primus
1051 426 1385 488 meridianuS,
1413 434 1464 476 et
1485 424 1588 475 loci
1613 420 1833 492 cujusvis
1860 417 2068 471 alterius
2092 436 2120 469 Ζ
2143 417 2415 489 longitudo

279 522 479 574 dicetur
515 517 791 590 aequatoris
828 534 977 568 arcus
1003 533 1031 567 r
1055 534 1101 566 ae
1125 515 1260 566 inter
1284 512 1629 565 meridianum
1653 509 1883 579 primum
1917 517 1964 557 Π
1988 524 2016 557 r
2039 527 2073 555 π
2101 514 2152 556 et
2175 505 2417 557 meridia-

277 630 405 664 num
430 631 457 662 Ζ
483 630 529 661 ae
552 629 587 660 π
610 628 646 679 q
667 607 769 660 loci
794 625 821 658 Ζ
846 607 1158 675 interceptus
1185 601 1338 674 atque
1363 602 1429 653 ab
1455 619 1641 653 occasu
1666 598 1733 650 ad
1757 607 1929 648 ortum
1954 603 2271 646 numeratus.

350 709 436 753 22.
479 701 536 753 Si
570 718 665 770 per
701 696 1147 769 trigonometriam
1182 701 1510 744 mensuretur
1548 687 1792 741 distantia
1828 705 1855 736 Ζ
1880 685 1900 736 l
1924 684 2149 735 duorum
2180 682 2416 734 locorum

279 810 308 843 Ζ
346 800 396 842 et
431 790 451 841 l
488 790 584 841 sub
610 787 793 840 eodem
828 786 1118 838 meridiano
1156 784 1372 836 sitorum
1397 791 1449 833 et
1472 799 1574 850 ope
1600 776 1899 850 quadrantis
1937 773 2118 827 circuli
2142 790 2208 824 ex
2232 771 2417 824 iisdem

282 880 410 932 locis
447 880 784 931 observentur
821 875 1077 928 distantiae
1106 875 1143 927 S
1174 874 1217 926 Z
1243 882 1294 925 et
1321 873 1358 925 S
1384 872 1452 934 V,
1481 869 1643 923 stellae
1667 868 1789 920 fixae
1817 867 1854 920 S
1880 885 1912 919 a
1941 864 2178 919 locorum
2211 862 2417 917 vertici-

1241 1023 1394 1088 Grz

555 1806 621 1857 H

293 2727 390 2779 bus
433 2727 475 2778 Z
503 2736 554 2778 et
580 2726 645 2788 V,
677 2725 882 2777 dabitur
920 2724 1114 2776 telluris
1143 2724 1518 2776 semidiameter
1543 2743 1571 2775 Ζ
1597 2724 1665 2776 T.
1744 2723 1883 2776 Nam
1909 2722 2041 2775 datis
2066 2724 2286 2776 arcubus
2316 2724 2354 2777 S
2376 2722 2431 2776 V

300 2825 351 2866 et
381 2815 418 2866 S
446 2814 504 2876 Z,
533 2813 741 2864 dabitur
766 2830 948 2864 eorum
974 2810 1264 2863 differentia
1288 2811 1371 2863 vel
1396 2829 1599 2864 summa
1623 2811 1674 2862 V
1701 2811 1760 2874 Ζ,
1789 2821 1840 2863 et
1860 2810 1984 2862 hinc
2009 2811 2161 2863 datur
2187 2830 2334 2863 arcus
2358 2811 2378 2862 1
2402 2829 2429 2861 Ζ

239 2963 246 2970 ,
300 2903 389 2974 qui
414 2903 557 2954 arcui
582 2902 632 2953 V
660 2902 702 2953 Z
729 2901 907 2952 similis
945 2911 1036 2952 est.
1113 2900 1293 2963 Quare
1318 2921 1413 2971 per
1438 2901 1818 2953 observationes
1845 2903 2211 2954 astronomicas
2246 2910 2430 2952 notum

300 2994 398 3044 erit
434 3001 561 3063 quot
596 2991 788 3063 gradus
825 2991 908 3042 vel
942 2991 1142 3042 minuta
1167 2991 1221 3041 in
1247 3010 1371 3042 arcu
1395 2991 1415 3042 l
1438 3010 1466 3042 Ζ
1491 2991 1864 3054 contineantur,
1907 3001 1958 3043 et
1990 3009 2085 3060 per
2114 2990 2430 3060 trigonome-

298 3083 457 3134 tricas
483 3099 750 3132 mensuras
789 3079 1021 3149 ejusdem
1058 3077 1208 3131 arcus
1245 3079 1519 3151 longitudo
1551 3079 1832 3150 hexapedis
1856 3080 1938 3132 vel
1960 3079 2180 3148 pedibus
2205 3089 2294 3131 aut
2318 3080 2428 3132 aliis

299 3171 554 3223 mensuris
578 3171 713 3222 notis
738 3170 859 3222 data
885 3171 997 3234 erit,
1026 3180 1077 3222 et
1100 3169 1222 3222 inde
1247 3170 1515 3223 inferendo
1532 3181 1592 3223 ut
1613 3189 1859 3222 numerus
1883 3171 2203 3222 minutorum
2225 3170 2280 3221 in
2304 3190 2429 3224 arcu

295 3258 316 3310 l
341 3277 369 3309 Ζ
409 3267 771 3310 contentorum
809 3257 877 3310 ad
916 3265 1045 3311 3600
1077 3277 1169 3310 seu
1192 3258 1259 3310 ad
1285 3262 1491 3322 21600',
1517 3256 1590 3309 ita
1611 3258 1882 3330 longitudo
1905 3258 1926 3309 l
1948 3277 1977 3309 Ζ
2002 3258 2257 3310 mensuris
2292 3259 2429 3311 notis

299 3367 549 3418 expressa
573 3350 641 3401 ad
665 3349 916 3402 circulum
940 3350 1138 3403 telluris
1162 3350 1465 3416 maximum,
1492 3349 1697 3403 dabitur
1720 3349 1807 3402 hic
1832 3349 2052 3404 circulus
2071 3368 2139 3403 ex
2157 3368 2262 3421 quo
2286 3349 2429 3403 inve-

298 3436 470 3489 nietur
494 3436 870 3491 semidiameter
895 3456 923 3490 Ζ
949 3437 1015 3491 Τ.
