2528 4172
287 285 355 332 52
791 279 1355 333 PHILOSOPHIAE
1396 280 1845 336 NATURALIS
1900 284 2019 348 [DE
2042 284 2243 337 Mum).
2269 287 2419 339 SYsT.

285 421 465 472 diebus
493 424 594 486 27}
623 420 840 481 circiter,
868 429 1106 487 respectu
1129 419 1311 470 Terrae
1327 439 1345 491 3⁴
1381 419 1602 490 ideoque
1626 432 1861 491 respectu
1887 423 2110 474 fixarum
2138 424 2421 478 Solvrevola

283 512 418 563 vitur
444 512 624 563 diebus
651 513 752 575 251}
783 509 1003 560 circiter.
1080 508 1344 570 Quoniam
1369 508 1491 561 vero
1517 511 1686 562 Lunae
1712 512 1847 564 circa
1872 531 2024 564 axem
2050 531 2199 564 suum
2222 515 2417 565 unifor-

280 601 433 651 miter
481 597 786 650 revolventis
836 596 943 647 dies
993 605 1289 647 menstruus
1334 605 1426 659 est,
1479 596 1632 668 hujus
1681 598 1835 652 facies
1889 600 2070 652 eadem
2117 600 2415 653 ulteriorem

280 690 581 741 umbilicum
612 687 751 738 orbis
778 688 885 757 ejus
913 687 972 756 (Ε)
1003 704 1206 755 semper
1230 684 1471 753 respiciet
1495 689 1903 759 quamproxime,
1932 701 1984 744 et
2005 700 2281 761 propterea
2314 709 2412 760 pro

277 888 393 914 suum
424 888 571 926 gyrare.
632 874 879 913 Macularum
910 874 1092 912 solarium
1124 873 1312 912 theoriam
1369 881 1492 912 rectos
1509 874 1607 915 sicut
1636 878 1760 917 L.Fl
1783 879 1833 918 ad
1851 886 2015 930 quatuor
2033 887 2168 925 rectos,
2188 891 2233 916 ac
2251 877 2412 927 proinde

276 928 559 978 elegantissime
586 936 846 976 exposuerunt
872 928 1013 966 clariss.
1039 929 1092 965 D.
1119 928 1181 965 De
1208 927 1315 968 Lisle

273 983 315 1020 in
336 983 457 1020 Libro
474 982 537 1019 cui
551 981 699 1025 titulus,
723 982 985 1019 Monumenta
1001 994 1089 1030 quae
1107 980 1157 1018 ad
1179 983 1315 1018 Astro-

273 1035 415 1073 nomiae
436 1034 611 1084 Physicae
630 1041 669 1072 et
690 1035 947 1084 Geographiae
964 1046 1209 1083 progressum
1224 1046 1315 1071 con·

273 1088 438 1132 ducunt,
467 1092 645 1138 saepeque
663 1087 841 1126 laudatus
863 1089 915 1126 D.
944 1087 1126 1125 Cassinus
1149 1086 1191 1123 in
1217 1086 1315 1124 Ele-

272 1141 414 1178 mentis
435 1140 726 1178 Astronomicis.
770 1141 834 1179 De
847 1140 1010 1179 maculis
1025 1137 1197 1185 Veneris,
1213 1139 1316 1190 ejus-

271 1206 347 1244 que
365 1193 467 1231 circa
483 1206 596 1231 axem
613 1194 863 1239 revolutione,
882 1192 1061 1243 quaedam
1078 1192 1178 1230 inter
1195 1200 1318 1230 astro-

272 1259 409 1284 nomos
437 1254 494 1285 est
526 1246 597 1293 lis;
626 1260 649 1283 a
681 1247 842 1284 Cassino
868 1253 975 1294 parte
1001 1250 1052 1283 23
1075 1246 1178 1283 horis
1196 1252 1235 1283 et
1253 1244 1317 1285 20¹

270 1299 426 1345 absolvi,
448 1311 495 1337 ex
514 1298 667 1336 macula
684 1299 762 1336 sive
779 1298 907 1347 potius
925 1297 1128 1346 splendore
1146 1298 1316 1347 quodam

269 1352 313 1389 in
331 1353 435 1390 disco
456 1353 619 1390 Veneris
637 1352 797 1389 notabili
815 1351 926 1390 annis
950 1355 1061 1394 1666,
1087 1354 1185 1389 1667
1207 1363 1313 1388 com-

269 1413 424 1454 pertum
455 1406 593 1451 fuerat,
623 1417 702 1442 non
735 1405 788 1442 ita
815 1413 947 1443 tamen
973 1402 1073 1449 tuto,
1102 1403 1183 1452 ipse
1207 1404 1314 1442 enim

270 1459 455 1497 scribebat
473 1458 522 1496 de
541 1465 650 1496 motu
668 1458 842 1504 Veneris,
858 1457 1047 1495 referente
1064 1456 1185 1505 ipsius
1202 1456 1312 1505 filio;

269 1514 400 1551 debiles
428 1511 518 1550 adea
546 1519 581 1551 ct
607 1512 783 1564 confusas
801 1525 876 1550 esse
904 1512 1053 1549 Veneris
1078 1513 1248 1549 maculas
1266 1519 1311 1550 ut

271 1578 405 1604 earum
424 1567 602 1604 terminos
619 1564 796 1603 accurate}
814 1572 946 1604 notare
963 1578 1043 1603 ‘non
1060 1565 1180 1609 liceat,
1209 1565 1313 1602 unde

266 1626 402 1657 utrum
418 1620 555 1669 aliquis
573 1621 621 1656 sit
650 1619 800 1657 Vevaeris
817 1625 951 1664 motus,
966 1630 1037 1666 per
1055 1630 1117 1655 eas
1138 1618 1314 1656 determi-

266 1685 363 1709 nare
365 1673 526 1723 frustra
545 1673 742 1722 quaeritur.
787 1675 909 1710 Anno
927 1668 1017 1708 vero
1042 1673 1153 1708 1726.
1193 1666 1308 1707 Daus-

269 1724 513 1762 Bianchinus
541 1724 714 1762 maculas
744 1724 908 1762 Veneris
936 1722 1136 1761 lunaribus
1167 1722 1312 1760 similes

264 1774 336 1814 diu
365 1784 422 1815 est
448 1785 683 1826 persecutus,
712 1790 922 1827 earumque
950 1775 1229 1813 revolutionem
1259 1780 1310 1814 24

265 1829 403 1868 diebus
433 1834 470 1868 8.
487 1830 589 1868 horis
614 1829 758 1869 absolvi
782 1829 955 1875 deduxit,
986 1829 1086 1867 circa
1103 1841 1216 1866 axem
1240 1828 1310 1866 ad-

263 1883 429 1921 modum
445 1882 649 1933 obliquum
667 1883 875 1932 eclipticae3
896 1883 938 1919 in
952 1895 1062 1919 suam
1076 1889 1207 1920 autem
1222 1894 1308 1919 sen-

263 1936 427 1973 tentiam
457 1936 584 1975 Duum·
626 1936 831 1975 cassinum
861 1935 987 1973 filium
1020 1947 1100 1972 non
1132 1933 1307 1981 adduxit,

263 1987 356 2037 quia
372 1989 604 2038 apparentiae
621 2003 645 2027 a
667 1990 759 2027 D¹¹⁰.
786 1989 1005 2027 Bianchino
1019 1989 1225 2026 observatae
1238 1999 1309 2037 per

263 2049 417 2079 motum
436 2047 487 2080 25
504 2043 688 2080 horarum
707 2042 888 2091 explicari
909 2048 1095 2090 poterant,
1125 2040 1220 2078 dum
1239 2054 1308 2089 pa-

263 2093 383 2132 rentis
400 2096 691 2141 observationes,
712 2108 803 2133 cum
829 2094 1030 2145 hypothesi
1058 2093 1309 2131 revolutionis

264 2151 317 2184 24
345 2147 498 2185 dierum
526 2155 566 2186 et
597 2153 633 2186 8.
666 2149 848 2186 horarum
873 2146 1088 2185 consentire
1116 2158 1195 2184 non
1220 2158 1308 2194 pos-

263 2207 348 2238 sent
359 2215 372 2247 ;
398 2201 488 2239 hinc
506 2201 669 2251 quaestio
686 2202 728 2239 in
746 2201 875 2239 medio
892 2200 1076 2238 remansit
1095 2212 1174 2237 non
1192 2198 1307 2237 facile

263 2252 457 2300 solvenda,
491 2255 658 2292 maculae
680 2254 793 2301 Xenim
831 2254 996 2292 Veneris
1025 2252 1179 2289 nonnisi
1210 2252 1308 2290 coelo

262 2306 468 2354 purissimo
477 2308 666 2345 observari
681 2314 851 2356 possunt,
869 2314 908 2344 et
917 2305 1084 2344 Lutetiae
1098 2305 1306 2356 nequidem

263 2371 356 2396 cum
384 2360 562 2398 maximis
593 2360 808 2410 telescopiis
837 2359 959 2398 videri
980 2357 1149 2408 potuisse
1179 2366 1306 2397 narrat

262 2411 365 2449 idem
384 2413 438 2449 ill.
466 2413 648 2452 Cassinus
667 2413 781 2451 filius.
914 2414 916 2417 ’

318 2465 376 2515 (²)
409 2469 472 2504 76.
506 2469 659 2516 Semqaer
687 2468 856 2516 respiciet
891 2463 1186 2516 quamproxime.
1245 2464 1305 2503 Sit

263 2517 386 2555 orbita
415 2518 544 2555 Lunae
566 2519 710 2567 ellipsis
733 2522 769 2557 A
792 2518 828 2556 L
851 2519 886 2556 B
914 2518 964 2563 A,
983 2518 1025 2555 in
1044 2518 1155 2567 cujus
1173 2518 1301 2555 umbi-

263 2569 337 2607 lico
359 2571 394 2608 T
412 2571 560 2609 locatur
580 2572 711 2616 Terra,
740 2571 881 2610 ductus
900 2584 946 2608 ex
965 2570 1149 2608 umbilico
1175 2570 1304 2609 radius

262 2630 392 2660 vector
418 2636 525 2661 areas
548 2624 732 2674 ellipticas
750 2624 985 2673 temporibus
1004 2622 1304 2672 proportionales

263 2674 442 2714 describit
469 2678 606 2729 (Prop.
628 2679 662 2715 Ι.
696 2678 786 2716 Lib.
810 2678 893 2727 I.);
922 2676 1101 2714 demissis
1117 2684 1253 2714 autem
1280 2691 1303 2716 a

264 2727 416 2767 duobus
442 2731 639 2780 quibusvis
657 2731 698 2768 in
718 2731 893 2780 ellipseos
914 2728 1127 2779 peripheria
1145 2730 1299 2777 punctis

264 2781 315 2819 ad
332 2782 496 2821 alterum
515 2783 743 2822 umbilicum
767 2784 800 2822 F
818 2784 931 2822 rectis
952 2784 987 2820 L
1011 2783 1055 2828 F,
1076 2782 1090 2819 l
1113 2782 1157 2828 F,
1178 2796 1301 2834 angu-

267 2833 330 2871 lus
363 2835 398 2873 L
421 2836 455 2874 F
473 2837 488 2874 l
519 2836 590 2874 erit
607 2835 900 2887 quamproxime
918 2836 967 2874 ad
984 2843 1150 2886 quatuor
1181 2844 1303 2874 rectos

263 2886 362 2926 sicut
380 2896 532 2939 tempus
549 2902 627 2939 quo
645 2902 756 2927 arcus
786 2890 821 2926 L
840 2890 853 2927 l
882 2903 906 2927 a
934 2885 1052 2927 Luna
1078 2887 1304 2926 describitur

263 2940 314 2977 ad
332 2941 528 2992 integrum
548 2950 699 2992 tempus
715 2942 954 2991 periodicum
974 2941 1113 2987 Lunae,
1140 2942 1171 2978 si
1191 2941 1300 2991 ellip-

263 2992 313 3030 sis
332 2994 380 3032 sit
397 3008 535 3044 parum
553 2996 777 3033 excentrica.
832 2996 860 3034 J
861 3008 924 3033 am
942 2994 1080 3032 referat
1099 2994 1136 3032 L
1153 2994 1201 3032 M
1219 3007 1301 3032 me-

262 3046 400 3085 ridiani
418 3049 574 3094 lunaris,
594 3049 667 3086 hoc
686 3056 753 3093 est,
773 3047 906 3086 circuli
928 3060 996 3096 per
1013 3059 1126 3084 axem
1144 3060 1302 3085 conver-

262 3099 380 3138 sionis
408 3102 537 3139 Lunae
564 3101 734 3150 planum,
763 3100 868 3152 quod
886 3100 1118 3149 productum
1136 3107 1301 3138 transeat

261 3165 330 3200 per
352 3153 395 3201 F,
415 3154 520 3192 idem
538 3154 698 3203 planum
715 3154 756 3191 in
774 3166 1019 3204 quocumque
1037 3152 1171 3190 orbitae
1189 3153 1300 3201 ellip-

261 3205 347 3243 ticae
378 3215 524 3254 puncto
548 3208 695 3245 locetur
724 3208 852 3252 Luna,
885 3206 1117 3255 productum
1146 3218 1300 3256 quoque

261 3269 329 3305 per
364 3259 397 3297 F
428 3260 614 3298 transibit·
685 3260 883 3304 Quoniam
914 3258 1018 3295 enim
1053 3257 1169 3295 Luna
1200 3257 1300 3296 circa

261 3323 374 3348 axem
398 3325 515 3350 suum
539 3313 781 3352 uniformiter
798 3311 957 3350 revolvit
974 3310 1111 3348 eodem
1129 3318 1300 3359 tempore

259 3375 339 3412 quo
374 3363 474 3402 circa
508 3366 707 3404 Tellurem
741 3365 945 3414 periodum
980 3376 1090 3401 suam
1125 3363 1296 3408 absolvit,

259 3423 364 3463 patet
382 3417 583 3455 meridiani
609 3418 770 3466 planum
788 3418 894 3469 quod
913 3414 1032 3455 Luna
1050 3416 1234 3454 existente
1258 3416 1300 3454 in

262 3468 300 3505 L
327 3469 444 3506 situm
474 3470 510 3507 L
532 3472 579 3508 M
607 3471 812 3517 obtinebat,
841 3471 937 3509 dum
970 3470 1097 3507 Lunae
1124 3477 1299 3507 centrum

260 3520 369 3559 aliud
386 3522 547 3572 quodvis
574 3532 763 3570 punctum
782 3524 796 3561 l
813 3523 953 3574 attigit,
981 3522 1030 3560 ad
1047 3521 1164 3560 talem
1182 3522 1300 3560 situm

259 3573 275 3611 l
298 3575 334 3611 E
354 3576 581 3623 pervenisse,
609 3584 655 3613 ut
677 3576 801 3624 posita.
818 3578 834 3615 l
851 3590 892 3615 m
910 3573 1093 3626 parallela
1110 3575 1158 3612 ad
1179 3575 1215 3612 L
1236 3575 1297 3619 M,

258 3628 428 3677 angulus
454 3641 495 3664 m
514 3629 528 3665 l
556 3629 586 3665 E
615 3629 663 3665 sit
687 3628 736 3666 ad
759 3637 923 3679 quatuor
940 3637 1063 3667 rectos
1080 3628 1178 3666 sicut
1202 3635 1299 3666 tem-

259 3692 333 3728 pus
350 3692 428 3730 quo
449 3681 564 3718 Luna
582 3693 716 3718 arcum
745 3681 779 3718 L
799 3682 812 3719 1
831 3682 1019 3731 percurrit
1036 3681 1085 3719 ad
1103 3681 1300 3732 integrum

257 3740 411 3781 tempus
431 3734 666 3782 periodicum
689 3734 826 3781 Lunae,
856 3734 1020 3786 ideoque
1049 3734 1185 3786 (Prop.
1214 3734 1293 3772 XI.

262 3788 351 3826 Lib.
376 3787 424 3825 V.
453 3787 605 3837 Elem.)
634 3787 804 3838 angulus
831 3787 904 3825 ml
925 3788 961 3828 E
990 3795 1046 3828 est
1063 3786 1113 3825 ad
1129 3794 1297 3838 quatuor

1369 927 1536 976 angulus
1561 942 1602 966 m
1621 931 1635 968 l
1657 931 1693 969 E
1721 933 1877 983 aequaljs
1895 940 1952 972 est
1968 933 2114 984 angulo
2136 933 2171 970 L
2195 932 2227 969 F
2245 932 2272 976 l,
2302 939 2340 968 et
2358 935 2407 970 ob

1368 987 1490 1018 rectas
1519 981 1554 1018 L
1577 984 1620 1028 F,
1651 984 1726 1021 lm
1746 986 1945 1034 parallelas
1966 987 2108 1037 jacebit
2131 985 2144 1022 l
2167 985 2202 1022 Ε
2223 984 2264 1021 in
2286 984 2407 1023 direc-

1368 1037 1454 1070 tum
1481 1033 1554 1083 ipsi
1581 1036 1597 1074 l
1617 1037 1662 1084 F,
1685 1038 1758 1077 hoc
1784 1045 1852 1088 est,
1885 1039 1952 1079 ubi
1981 1039 2099 1079 Luna
2118 1037 2161 1076 in
2183 1038 2199 1076 l
2222 1045 2403 1084 versatur,

1355 2252 1528 2304 ejusdem
1546 2251 1747 2292 meridiani
1765 2250 1927 2300 planum
1944 2250 2049 2301 quod
2067 2251 2108 2289 in
2126 2252 2243 2302 priori
2262 2251 2338 2292 situ
2354 2252 2391 2292 L

1355 2307 1589 2355 productum
1614 2306 1827 2344 etiamnum
1846 2304 1981 2342 transit
2008 2317 2075 2353 per
2100 2305 2143 2343 F.
2201 2305 2332 2351 Quare
2350 2307 2394 2345 in

1354 2372 1598 2411 quocumque
1612 2358 1757 2396 lunaris
1770 2357 1901 2395 orbitae
1915 2365 2059 2405 puncto
2073 2365 2247 2396 centrum
2264 2359 2392 2397 Lunae
2422 2395 2423 2398 ,

1354 2421 1539 2459 occurrat,
1568 2411 1800 2461 productum
1818 2410 1992 2462 ejusdem
2009 2410 2211 2448 meridiani
2229 2411 2390 2460 planum

1352 2467 1487 2504 transit
1504 2479 1572 2515 per
1593 2465 1639 2503 F.

1408 2519 1487 2556 His
1504 2517 1706 2568 praemissis
1724 2523 1828 2566 patet
1840 2515 2002 2555 eandem
2017 2515 2096 2555 fere
2114 2517 2238 2555 Lunae
2249 2517 2388 2556 faciem

1353 2584 1501 2621 semper
1528 2572 1578 2610 ad
1607 2572 1766 2609 Terram
1785 2570 1954 2608 converti
1980 2569 2208 2619 easdemque
2227 2570 2308 2608 fere
2327 2571 2388 2609 lu-

1352 2637 1462 2664 nares
1495 2624 1668 2663 maculas
1711 2622 1939 2661 observaturi
1982 2623 2148 2660 terrestri
2194 2636 2383 2672 apparere.

1355 2677 1459 2716 Cum
1486 2678 1591 2716 enim
1617 2676 1850 2725 productum
1881 2676 2052 2726 ejusdem
2079 2676 2279 2713 meridiani
2306 2677 2387 2725 pla-

1351 2743 1449 2768 num
1475 2744 1543 2780 per
1569 2730 1734 2769 alterum
1760 2729 1893 2766 orbitae
1920 2728 2064 2766 lunaris
2081 2728 2211 2766 focum
2234 2729 2267 2766 F
2285 2737 2368 2767 tran

1351 2791 1443 2830 seat,
1463 2784 1588 2835 sitque
1606 2783 1751 2820 lunaris
1768 2783 1889 2819 orbita
1908 2794 2043 2830 parum
2062 2782 2285 2828 excentrica,
2311 2783 2385 2820 hoc

1352 2844 1420 2882 est,
1441 2849 1522 2874 non
1540 2836 1711 2874 multum
1729 2834 1870 2873 distent
1886 2834 2059 2872 umbilici
2078 2835 2109 2872 F
2126 2842 2163 2872 et
2184 2836 2231 2880 T,
2252 2834 2385 2872 eadem

1351 2887 1640 2940 quamproxime
1660 2889 1787 2927 Lunae
1806 2888 1922 2925 facies
1943 2888 2072 2925 Terrae
2090 2888 2307 2976 obvertl'uur.
2345 2887 2385 2925 Si

1351 2941 1441 2981 vero
1460 2941 1636 2980 accurate
1654 2941 1857 2979 observatis
1875 2940 2074 2978 lunaribus
2097 2952 2208 2977 maen
2228 2953 2270 2985 is,
2300 2939 2384 2977 Lu-

1350 3008 1413 3032 nae
1432 2996 1547 3033 facies
1565 2995 1614 3033 ad
1635 2995 1795 3032 Terram
1820 3005 1999 3031 conversa
2016 2991 2240 3042 diligentius
2258 2993 2383 3029 consi-

1350 3047 1512 3092 deretur,
1542 3060 1621 3085 non
1648 3046 1781 3085 eadem
1804 3044 1961 3094 praecise
1980 3045 2095 3083 facies
2112 3058 2135 3082 a
2153 3045 2262 3082 nobis
2280 3044 2384 3082 vide.

1348 3101 1463 3139 bitur.
1526 3100 1722 3145 Quoniam
1749 3099 1853 3136 enim
1877 3097 2048 3147 ejusdem
2072 3097 2275 3135 meridiani
2302 3098 2384 3147 pla-

1349 3166 1446 3191 num
1474 3154 1510 3191 L
1532 3153 1578 3190 M
1606 3165 1686 3190 non
1713 3150 1762 3189 ad
1791 3151 1950 3188 Terram
1979 3151 2027 3196 T,
2055 3150 2121 3188 sed
2148 3151 2197 3188 ad
2220 3151 2384 3188 alterum

1350 3206 1480 3244 focum
1513 3206 1543 3243 F
1570 3205 1760 3255 dirigitur,
1787 3210 1891 3251 patet
1920 3203 2046 3240 Lunae
2073 3203 2114 3240 in
2135 3203 2171 3241 L
2191 3203 2384 3242 existentis

1348 3259 1660 3307 hemisphaerium
1679 3270 1699 3294 e
1721 3256 1877 3294 Tellure
1893 3256 1931 3293 T
1943 3256 2080 3302 visum,
2101 3256 2384 3306 aliquantulum

1349 3325 1429 3349 esse
1456 3310 1648 3349 diversum
1675 3311 1722 3347 ab
1750 3308 1816 3346 illo
1834 3307 1938 3358 quod
1962 3308 2124 3354 videtur,
2151 3309 2246 3346 dum
2267 3310 2384 3348 Luna

1348 3365 1535 3412 reperitur
1564 3363 1606 3400 in
1638 3362 1675 3410 l;
1719 3373 1810 3399 nam
1840 3374 1928 3409 pars
1956 3362 2212 3410 hemisphaerii
2241 3362 2386 3400 lunaris

1347 3430 1478 3454 versus
1495 3416 1651 3466 plagam
1672 3415 1707 3453 B
1722 3427 1808 3464 quae
1827 3412 1940 3452 antea
1957 3414 2219 3453 occultabatur
2236 3415 2280 3453 fit
2293 3428 2385 3453 con-

1348 3468 1492 3517 spicua,
1521 3477 1560 3506 et
1586 3466 1717 3506 contra
1745 3479 1830 3515 pars
1854 3466 2110 3516 hemisphaerii
2128 3468 2283 3506 alterius
2302 3480 2381 3505 ver..

1349 3521 1416 3560 sus
1452 3523 1490 3560 R.
1518 3534 1606 3571 quae
1632 3519 1746 3558 antea
1774 3522 1986 3568 apparebat,
2018 3521 2140 3558 oculis
2168 3521 2383 3567 evanescito,

1351 3582 1479 3613 motus
1509 3575 1572 3612 hic
1602 3574 1730 3611 Lunae
1757 3586 1778 3610 e
1806 3573 1841 3610 T
1844 3571 1926 3610 erra
1950 3586 2147 3622 apparens,
2175 3586 2251 3623 quo
2276 3573 2319 3610 fit
2341 3580 2387 3611 ut

1350 3627 1528 3678 quaedam
1554 3626 1717 3664 maculae
1744 3624 1784 3662 in
1813 3633 1959 3674 partem
1977 3640 2000 3664 a
2021 3626 2141 3664 Terra
2159 3637 2327 3664 aversam
2345 3638 2385 3664 se

1350 3679 1544 3729 recipiant,
1574 3679 1669 3717 dum
1696 3678 1781 3716 aliae
1803 3691 1851 3716 ex
1877 3687 1982 3727 parte
2000 3678 2130 3717 aversa
2147 3679 2186 3716 in
2206 3690 2386 3726 conspec-

1352 3741 1438 3771 tum
1469 3732 1671 3780 prodeunt,
1702 3731 1852 3769 libratio
1885 3732 2013 3770 Lunae
2037 3733 2079 3769 in
2103 3731 2388 3781 longitudinem

1352 3785 1577 3835 appellatur.
1639 3784 1902 3824 Librationem
1930 3785 2030 3823 hanc
2055 3785 2113 3823 bis
2144 3785 2185 3821 in
2217 3784 2389 3834 quolibet
