2528 4172
147 273 652 340 L1BERTER'rms.]
732 270 1135 328 PRINCIPIA
1176 276 1793 331 MATHEMATICA.
2217 287 2285 332 43

145 436 789 492 0,0000000000003998,
832 447 923 479 Seu
962 434 1463 483 75000000000000
1503 433 1568 483 ad
1612 440 1633 483 l
1679 432 1895 483 circiter.
1973 433 2044 485 Et
2078 434 2131 502 (t)
2164 432 2286 484 hinc

145 521 292 573 stella
317 521 460 573 Jovis
486 522 541 570 in
565 519 738 571 medio
764 518 995 588 ejusdem
1021 520 1286 571 densitatis
1314 539 1432 571 cum
1459 525 1576 573 ae're
1614 523 1702 573 illo
1729 523 1992 591 superiore
2019 523 2286 575 revolven-

143 612 228 675 do,
257 624 490 681 tempore
516 629 772 663 annorum
803 618 1067 672 1000000,
1109 629 1175 661 ex
1201 611 1489 663 resistentia
1516 613 1672 664 medii
1698 633 1805 664 non
1831 614 2088 665 amitteret
2113 613 2284 665 motus

144 704 222 755 sui
258 714 457 772 partem
497 702 749 753 decimam
787 701 1118 751 centesimam
1155 700 1497 752 millesimam,
1578 703 1641 753 In
1679 704 1856 771 spatiis
1895 704 2072 773 utique
2101 704 2285 755 Terrae

144 794 412 863 proximis,
454 792 585 842 nihil
622 790 881 842 invenitur
919 790 1061 859 quod
1096 789 1438 841 resistentiam
1471 802 1610 842 creet
1645 802 1835 860 praeter
1860 796 2045 855 a‘e'rem,
2076 784 2283 845 exhala-

143 884 309 935 tiones
347 891 399 933 et
435 899 669 949 vapores.
746 879 850 930 His
877 897 943 929 ex
968 878 1102 929 vitro
1129 897 1255 928 cavo
1281 878 1567 947 cylindrico
1596 879 1986 950 diligentissime
2019 882 2283 934 exhaustis

143 972 320 1042 gravia
356 971 493 1021 intra
527 969 719 1020 vitrum
754 966 1017 1018 liberrime
1056 979 1107 1018 et
1145 968 1254 1019 sine
1291 969 1433 1019 omni
1471 969 1754 1021 resistentia
1791 971 2017 1022 sensibili
2058 972 2282 1031 cadunt3

143 1062 314 1129 ipsum
352 1078 536 1111 aurum
574 1069 625 1110 et
660 1057 837 1126 pluma
874 1056 1174 1108 tenuissima
1212 1057 1364 1107 simul
1401 1057 1622 1108 demissa
1661 1059 1848 1127 aequali
1874 1078 1992 1110 cum
2016 1060 2285 1112 velocitate

144 1150 349 1211 cadunt,
380 1159 431 1200 et
456 1167 578 1211 casu
602 1166 697 1197 suo
724 1144 1066 1196 describendo
1093 1144 1418 1195 altitudinem
1444 1146 1637 1214 pedum
1665 1157 1900 1215 quatuor,
1931 1166 2022 1198 sex
2041 1133 2122 1200 vel
2149 1160 2282 1213 octo,

145 1239 296 1290 simul
333 1238 568 1289 incidunt
605 1237 659 1287 in
696 1236 932 1297 fundum,
962 1246 1020 1285 ut
1045 1235 1364 1303 experientia
1394 1247 1716 1305 compertum
1743 1248 1836 1291 est.
1917 1230 1987 1290 Et
2011 1251 2288 1309 propterea

146 1330 189 1379 si
225 1330 277 1379 in
316 1329 473 1380 coelos
513 1326 819 1378 ascendatur
844 1327 962 1376 a’e1·e
988 1334 1039 1375 et
1064 1323 1480 1375 exhalationibus
1508 1345 1712 1388 vacuos,
1741 1327 1965 1395 planetae
1992 1339 2042 1379 et
2070 1340 2286 1380 cometae

146 1418 255 1468 sine
281 1416 421 1467 omni
445 1413 733 1466 resistentia
759 1412 986 1465 sensibili
1010 1430 1104 1480 per
1132 1412 1294 1480 spatia
1321 1412 1408 1464 illa
1433 1413 1717 1465 diutissime
1743 1416 2104 1469 movebuntur.

145 1626 241 1664 a'eris
259 1626 474 1664 densitates.
529 1625 586 1664 Sit
605 1625 709 1663 enim
731 1624 765 1662 F
786 1625 827 1662 D
850 1625 885 1662 B
906 1623 1184 1675 logarithmica,

145 1680 308 1727 sumptis
337 1679 508 1717 abscissis
542 1681 579 1717 A
603 1679 647 1722 C,
694 1679 729 1715 A
758 1678 809 1723 E,
847 1678 889 1714 in
924 1678 1188 1728 progressione
2134 1699 2165 1735 C

146 1732 396 1780 arithmetica,
418 1732 603 1770 ordinatae
623 1733 658 1769 A
679 1732 728 1779 B,
750 1732 781 1770 C
801 1732 852 1777 D,
876 1731 912 1769 E
932 1731 963 1768 F
982 1732 1188 1769 densitates
1322 1744 1360 1781 A
1384 1744 1420 1781 Β
1651 1748 1688 1785 A
1711 1748 1747 1785 Ε
1851 1750 1888 1786 A
1912 1750 1947 1786 Β
2123 1751 2158 1787 A

1244 1775 1295 1814 L·
1322 1799 1433 1849 ᾖ,
1463 1778 1628 1829 ide6que
1656 1818 1693 1850 A
1717 1815 1749 1853 C
1772 1781 1819 1819 L·
1851 1805 1947 1853 -C—i3
1967 1799 2022 1819 =
2046 1784 2093 1822 L.
2127 1820 2162 1854 E
2188 1810 2232 1854 F·

1293 1864 1388 1905 Jam
1419 1868 1510 1918 quia
1542 1869 1764 1906 altitudines
1794 1868 1980 1907 Mercurii
2008 1868 2049 1904 in
2073 1870 2291 1905 barometro

1241 1925 1333 1955 sunt
1367 1929 1412 1959 ut
1444 1922 1657 1969 pressiones
1688 1925 1950 1971 atmosphaerae
1982 1922 2023 1958 in
2056 1921 2214 1958 diversis
2242 1922 2291 1957 ab

1242 1971 1438 2012 horizonte
1463 1974 1651 2011 distantiis
1682 1976 1816 2026 (Prop.
1842 1976 1941 2013 XX.
1970 1975 2059 2012 Lib.
2088 1972 2186 2022 IL).
2250 1973 2291 2011 Si

1239 2025 1342 2064 >a'e'ris
1354 2027 1529 2065 =densitas
1549 2030 1821 2076 compressioni
1840 2035 2006 2078 ponatur
2024 2026 2291 2077 proportiona-

1242 2077 1302 2124 lis,
1324 2080 1424 2118 datis
1442 2081 1710 2119 altitudinibus
1732 2082 1921 2119 Mercurii
1948 2082 1988 2118 in
2014 2083 2230 2119 barometro
2249 2080 2291 2117 in

1241 2131 1337 2170 locis
1360 2135 1410 2178 A,
1430 2135 1474 2179 C,
1496 2133 1660 2184 dataque
1680 2136 1885 2173 altitudine
1909 2137 1944 2172 A
1964 2138 2014 2179 E,
2036 2134 2189 2171 dabitur
2203 2132 2290 2171 alti-

1239 2186 1340 2224 tudo
1361 2188 1548 2224 Mercurii
1576 2189 1616 2223 in
1640 2190 1856 2226 barometro
1874 2189 1916 2225 in
1935 2187 2020 2225 loco
2047 2188 2098 2233 E,
2124 2186 2292 2237 ide6que

1194 2262 1198 2266 —
1243 2246 1336 2277 nota
1368 2241 1440 2277 erit
1468 2240 1636 2278 densitas
1668 2242 1764 2278 a'eris
1790 2242 1832 2278 in
1863 2243 1915 2280 E.
1976 2242 2033 2280 Ut
2052 2248 2183 2278 autem
2207 2241 2292 2278 haec

1238 2293 1374 2330 omnia
1407 2292 1456 2330 ad
1493 2303 1719 2341 praesentem
1758 2308 1892 2335 casum
1923 2295 2210 2338 transferamus,
2242 2293 2292 2331 sit

1248 2345 1287 2383 G
1311 2347 1348 2383 A
1374 2347 1417 2383 H
1437 2360 1523 2395 pars
1542 2347 1758 2395 superficiei
1777 2349 1974 2395 terrestris,
1996 2348 2159 2387 altitudo
2180 2347 2290 2384 Mer-

1243 2399 1342 2436 curii
1373 2399 1414 2436 in
1447 2401 1662 2439 barometro
1693 2403 1735 2439 in
1770 2404 1805 2440 A
1826 2419 1882 2439 =
1904 2408 1955 2441 30
1984 2402 2076 2450 poll.
2110 2400 2292 2438 distantia

1247 2452 1286 2489 A
1306 2453 1338 2490 C
1352 2469 1409 2489 =
1426 2458 1532 2491 2280
1550 2455 1636 2502 ped.
1660 2456 1839 2507 Anglicis
1858 2464 1895 2494 et
1913 2455 2076 2494 altitudo
2098 2453 2287 2492 Mercurii

1242 2504 1285 2542 in
1319 2507 1535 2545 barometro
1568 2509 1608 2544 in
1631 2509 1663 2546 C
1682 2525 1739 2546 =
1761 2514 1810 2547 28
1841 2509 1932 2557 poll.
1960 2506 2291 2559 quemadmodum

1245 2559 1462 2597 Newtonus
1480 2561 1745 2608 experimento
1764 2563 1965 2612 cognitum
1984 2561 2179 2610 supponit.
2234 2559 2291 2597 Sit

1243 2611 1409 2650 altitudo
1449 2613 1487 2651 A
1511 2614 1547 2651 E
1575 2631 1632 2651 =
1663 2619 1741 2654 200
1777 2615 2006 2653 milliaribus
2041 2616 2114 2652 hoc
2152 2620 2208 2651 est
2223 2629 2289 2649 ·=

1249 2668 1429 2704 1056000
1452 2666 1536 2715 ped.
1565 2669 1756 2719 Anglicis,
1785 2669 1817 2706 si
1845 2669 2009 2706 milliare
2033 2668 2082 2705 sit
2110 2679 2292 2704 mensura

1527 2754 1536 2763 .
1581 2724 1617 2759 A
1642 2723 1679 2760 E
1771 2723 1809 2759 A
1833 2723 1868 2759 B
1968 2726 2154 2760 1056000
2238 2723 2290 2758 50

1242 2753 1328 2805 ped.
1345 2758 1462 2801 5280,
1484 2762 1556 2793 ent

1584 2791 1617 2825 A
1642 2789 1674 2827 c
1702 2755 1750 2793 L·
1772 2789 1804 2826 c
1828 2788 1868 2825 D
1888 2771 1945 2791 ἶ
2005 2790 2111 2824 2280

1241 2844 1574 2880 =13.8750615
1611 2840 1762 2879 circiter
1797 2840 1861 2878 cui
1893 2839 2125 2891 logarithmo
2158 2840 2197 2877 in
2229 2847 2285 2876 ta-

1240 2893 1344 2932 bulis
1369 2893 1573 2943 respondet
1600 2906 1786 2932 numerus
1815 2896 2189 2932 75000000000000
2212 2891 2285 2930 erit

151 2945 246 2984 a'eris
281 2945 322 2983 in
356 2945 450 2985 locis
489 2946 541 2993 A,
574 2946 618 2992 C,
652 2945 704 2991 E,
740 2946 1066 2994 repraesentabunt
1104 2946 1187 2995 (55.
1242 2944 1336 2997 erg&
1363 2946 1530 2985 densitas
1557 2947 1654 2986 agris
1680 2947 1722 2984 in
1745 2947 1796 2992 A,
1825 2948 1900 2985 hoc
1919 2954 1987 2991 est,
2010 2945 2053 2984 in
2084 2943 2285 2992 superficie

154 2999 240 3040 Lib.
260 2999 351 3049 IL).
398 2999 530 3044 Quare
549 2999 648 3038 datis
666 2998 934 3036 altitudinibus
956 2998 994 3036 A
1014 2998 1060 3045 C,
1081 2998 1119 3036 A
1138 2995 1189 3043 E,
1245 2999 1376 3038 Terrae
1402 3000 1453 3038 ad
1479 3000 1652 3051 ejusdem
1672 2999 1902 3038 densitatem
1931 2999 1971 3036 in
1999 2997 2178 3034 distantia
2205 3001 2285 3035 200

386 3056 424 3090 A
455 3054 489 3090 B
913 3053 950 3090 A
976 3052 1011 3089 B
1240 3052 1465 3091 milliarium
1477 3066 1544 3092 seu
1558 3053 1644 3104 ped.
1662 3057 1845 3094 1056000
1856 3060 1900 3092 ut
1914 3055 1937 3092 7
1941 3054 2286 3091 5000000000000

387 3119 420 3157 C
451 3114 505 3156 D,
544 3086 755 3124 innotescet
785 3084 882 3123 ratio
910 3106 1024 3156 ff.
1087 3085 1194 3125 Nam
1241 3105 1292 3145 ad
1313 3110 1347 3154 1,
1368 3106 1527 3146 circiter,

158 3171 223 3222 (ex
241 3169 379 3209 natura
395 3171 685 3223 logarithmicae,
705 3185 773 3221 per
790 3172 879 3211 Cor.
897 3177 932 3210 2.
959 3172 1100 3210 Theor.
1125 3172 1188 3212 ΙΙ.

1240 1654 1291 1696 de
1326 1656 1612 1712 legarithmica)
1633 1628 1684 1700 *A
1717 1663 1749 1702 C
1778 1678 1787 1702 ς
1824 1663 1862 1701 A
1891 1662 1931 1701 E
1959 1679 2016 1700 =
2047 1663 2096 1701 L.
2128 1632 2239 1735 9—113
2270 1679 2282 1705 ς

2183 1752 2219 1788 Β

2174 2752 2288 2823 11.ἷὸ-

154 3092 192 3124 et
208 3085 356 3124 ratione

212 3291 265 3343 (t)
286 3295 308 3316 '⁸
330 3295 437 3332 Hinc
454 3296 556 3332 stella
575 3295 685 3334 Jovis.
742 3294 926 3333 Densitas
951 3293 979 3333 J
981 3293 1062 3332 ovis
1088 3300 1146 3332 est
1172 3293 1222 3333 ad
1241 3293 1472 3333 densitatem
1513 3294 1611 3333 a‘eris
1657 3292 1763 3331 illius
1799 3292 2005 3342 superioris
2040 3301 2086 3332 ut
2125 3299 2204 3334 860
2242 3300 2285 3343 ><

162 3361 528 3399 75000000000000
546 3360 596 3398 ad
617 3364 651 3399 1.
705 3361 815 3399 Hinc
839 3367 855 3400 l
879 3377 889 3400 t
913 3366 992 3401 860
1013 3367 1055 3409 ><
1080 3365 1520 3401 75000000000000=
1539 3349 1572 3413 ἓ
1593 3360 1635 3398 D
1655 3374 1665 3398 ε
1689 3360 1716 3397 S
1733 3374 1790 3395 =
1814 3363 2288 3399 172000000000000002

163 3444 218 3491 D,
235 3451 277 3482 et·
284 3446 362 3484 459
377 3412 430 3503 ξ-
438 3454 495 3484 est
503 3445 552 3484 ad
565 3451 580 3485 l
590 3451 609 3486 7
616 3451 1025 3495 200000000000000,
1031 3454 1077 3486 ut
1087 3449 1180 3487 anni
1190 3461 1278 3498 pars
1285 3446 1516 3486 duodecima
1524 3442 1591 3485 seu
1606 3417 1656 3517 -ΙΞΞ
1669 3443 1720 3482 ad
1733 3444 1770 3483 T
1783 3459 1840 3481 =
1850 3416 2291 3516 Ψ,

160 3528 274 3567 annis
286 3545 343 3566 =
359 3534 699 3571 6:300000000000
710 3532 801 3572 fere.
839 3533 1014 3573 Ponatur
1027 3541 1044 3573 t
1056 3550 1113 3571 =
1130 3538 1311 3574 loooooo
1324 3534 1447 3582 annis,
1463 3540 1502 3572 et
1519 3532 1590 3570 erit
1606 3544 1694 3582 pars
1711 3530 1840 3569 motfis
1856 3530 1995 3571 amissa
2012 3537 2183 3582 tempore
2201 3538 2218 3571 t
2234 3546 2292 3569 =
