2528 4172
112 255 299 307 Lmnn
320 252 621 317 Tmrrms]
697 246 1099 304 PRINCIPIA
1140 245 1758 301 MATHEMATICA.
2183 249 2251 296 85

115 395 333 458 calculO,
376 404 427 446 et
463 392 675 446 densior
707 390 775 443 ad
811 399 1047 442 centrum
1084 387 1240 459 quam
1277 388 1331 440 in
1368 387 1558 441 fodinis
1583 406 1748 458 prope
1774 385 2116 456 superficiem,
2154 386 2256 437 nisi

109 487 242 539 forte
286 486 482 537 calores
531 484 586 535 in
635 481 763 534 zona
813 479 1009 534 torrida
1059 480 1440 552 longitudinem
1478 479 1827 550 pendulorum
1877 468 2252 547 aliquantulum

115 579 370 631 auxerim.

188 666 495 722 Observavit
531 666 709 736 utique
747 665 819 718 D.
850 664 1087 716 Picartus
1114 663 1255 734 quod
1279 664 1425 734 virga
1450 662 1633 728 ferrea,
1662 682 1779 734 quae
1805 672 2040 731 tempore
2064 660 2255 732 hyber-

108 777 195 823 n0,
223 760 315 811 ubi
339 758 581 830 gelabant
604 757 815 829 frigora,
858 767 967 809 erat
993 757 1141 826 pedis
1166 757 1319 808 unius
1344 755 1688 827 longitudine,
1718 756 1784 807 ad
1809 757 1985 826 ignem
2012 749 2265 808 calefacta*

1484 848 1560 915 (¹¹¹)
1603 845 1813 899 Deinde
1848 846 1921 898 D.
1948 845 2014 898 de
2039 846 2090 897 la
2118 845 2256 898 Hire

110 940 399 992 observavit
424 937 564 1009 quod
589 938 735 1009 virga
758 937 924 990 ferrea
950 957 1066 1008 quae
1092 948 1324 1007 tempore
1350 938 1606 990 consimili
1642 938 1877 1008 hyberno
1912 957 2004 991 sex
2030 948 2140 990 erat
2163 957 2255 1008 pe-

110 851 272 902 evasit
305 849 452 918 pedis
489 848 642 900 unius
680 866 799 899 cum
834 847 1016 917 quarta
1054 857 1203 917 parte
1240 847 1408 899 lineae.

108 1033 235 1085 dum
259 1032 614 1104 longitudiniS,
644 1032 735 1083 ubi
764 1033 873 1084 Soli
898 1032 1077 1084 aestivo
1103 1032 1476 1101 exponebatur,
1506 1033 1668 1085 evasit
1693 1051 1786 1085 sex
1808 1032 2003 1101 pedum
2028 1032 2255 1102 longitu-

108 1125 241 1176 dinis
278 1143 397 1175 cum
432 1124 633 1176 duabus
672 1125 832 1176 tertiis
858 1125 1092 1193 partibus
1118 1125 1285 1177 lineae.
1361 1117 1427 1178 In
1452 1126 1626 1194 priore
1656 1144 1779 1177 casu
1805 1125 1945 1176 calor
1969 1125 2134 1194 major
2159 1123 2256 1176 fuit

109 1214 264 1286 quam
301 1216 354 1266 in
391 1216 694 1284 posteriore,
733 1215 788 1266 in
824 1215 926 1266 hoc
961 1214 1085 1267 vero
1111 1216 1278 1285 major
1303 1214 1402 1267 fuit
1427 1214 1582 1286 quam
1609 1216 1751 1268 calor
1775 1226 2111 1268 externarum
2134 1234 2255 1285 par-

108 1307 239 1358 tium
276 1307 507 1375 corporis
546 1306 776 1358 humani.
853 1305 992 1357 Nam
1027 1305 1235 1357 metalla
1271 1306 1339 1357 ad
1379 1306 1553 1358 Solem
1592 1307 1828 1359 aestivum
1860 1307 2011 1358 valde
2037 1306 2255 1358 incales-

110 1408 249 1449 cunt.
327 1399 400 1450 At
441 1398 586 1469 virga
620 1397 834 1466 penduli
871 1397 925 1447 in
961 1396 1240 1468 horologio
1276 1397 1589 1449 oscillatorio
1613 1416 1880 1467 nunquam
1906 1398 2100 1466 exponi
2126 1397 2257 1449 solet

110 1488 270 1540 calori
310 1488 445 1540 Solis
482 1488 662 1550 aestivi,
702 1506 969 1558 nunquam
1007 1487 1232 1539 calorem
1269 1488 1495 1557 concipit
1521 1487 1681 1540 calori
1707 1498 1938 1540 externae
1964 1487 2255 1556 superficiei

106 1579 335 1646 corporis
361 1578 576 1630 humani
611 1578 881 1648 aequalem.
956 1578 1027 1630 Et
1058 1587 1337 1647 propterea
1361 1578 1508 1649 virga
1531 1578 1746 1646 penduli
1771 1579 1825 1628 in
1850 1577 2126 1648 horologio
2150 1587 2254 1629 tres

104 1669 262 1738 pedes
299 1669 472 1740 longa,
511 1669 669 1737 paulo
708 1668 920 1737 quidem
955 1666 1163 1738 longior
1198 1668 1297 1719 erit
1333 1678 1567 1737 tempore
1604 1668 1785 1720 aestivo
1818 1666 1975 1738 quam
1999 1667 2252 1737 hyberno,

1852 1759 2082 1812 Proinde
2107 1760 2255 1812 diffe-

105 1851 269 1903 rentia
293 1861 401 1903 tota
424 1850 761 1923 longitudinis
796 1850 1147 1919 pendulorum
1173 1868 1291 1920 quae
1327 1850 1384 1901 in
1410 1850 1626 1902 diversis
1652 1851 1952 1923 regionibus
1978 1851 2256 1903 isochrona

113 1761 204 1812 sed
242 1779 454 1812 excessu
489 1772 724 1830 quartam
759 1770 962 1829 partem
997 1759 1150 1811 lineae
1186 1760 1339 1812 unius
1365 1760 1454 1811 vix
1483 1769 1774 1830 superante.

107 1952 242 2006 sunt,
270 1943 474 1994 diverso
500 1943 659 1994 calori
684 1943 893 1995 attribui
916 1961 1025 1994 non
1048 1952 1236 2013 potest.
1316 1943 1422 1997 Sed
1446 1963 1617 2015 neque
1642 1945 1904 1997 erroribus
1930 1955 2254 1998 astronomo-

106 2054 225 2087 rum
269 2056 299 2088 e
339 2036 511 2089 Gallia
555 2021 833 2088 missorum
875 2037 1153 2089 tribuenda
1192 2045 1270 2089 est
1304 2036 1420 2088 haec
1457 2037 1764 2089 differentia.
1839 2038 1979 2089 Nam
2018 2039 2253 2109 quamvis

109 2145 290 2178 eorum
319 2127 702 2180 observationes
729 2147 835 2179 non
858 2127 1087 2197 perfecte
1114 2139 1405 2200 congruant
1428 2129 1563 2181 inter
1593 2149 1664 2193 se,
1703 2139 1879 2182 tamen
1906 2149 2107 2184 errores
2134 2143 2255 2185 sunt

102 2219 233 2271 adeo
260 2220 406 2289 parvi
435 2231 493 2272 ut
518 2221 778 2272 contemni
812 2221 1027 2290 possint.
1103 2222 1175 2273 Et
1207 2222 1263 2273 in
1287 2221 1389 2274 hoc
1415 2222 1735 2274 concordant
1759 2242 1956 2286 omnes,
1986 2224 2128 2293 quod
2152 2225 2254 2276 iso-

102 2313 297 2365 chrona
333 2314 562 2383 pendula
586 2325 706 2367 sunt
739 2315 978 2367 breviora
1003 2315 1098 2367 sub
1124 2327 1388 2386 aequatore
1414 2318 1571 2387 quam
1596 2316 1651 2368 in
1678 2316 2052 2369 Observatorio
2082 2318 2253 2389 Regio

104 2407 402 2470 Parisiensi,
443 2408 695 2460 existente
733 2407 1021 2461 differentia
1059 2427 1167 2460 non
1203 2409 1407 2460 minore
1441 2407 1598 2479 quam
1622 2408 1776 2461 lineae
1801 2410 1953 2461 unius
1980 2428 2099 2460 cum
2126 2429 2253 2480 qua-

101 2500 299 2563 drante,
335 2519 442 2552 non
467 2502 661 2571 majore
687 2500 841 2572 quam
866 2502 1121 2553 linearum
1148 2501 1233 2567 ΕΞ.
1309 2502 1413 2554 Per
1438 2502 1825 2554 observationes
1851 2503 1925 2555 D.
1957 2501 2171 2553 Richeri
2198 2502 2252 2553 in

109 2592 356 2661 Cayenna
389 2592 547 2644 factas
586 2592 874 2645 differentia
909 2592 1007 2644 fuit
1041 2592 1195 2645 lineae
1226 2593 1380 2644 unius
1407 2611 1526 2644 cum
1553 2593 1855 2664 quadrante.
1934 2591 2038 2643 Per
2063 2610 2149 2643 eas
2175 2592 2249 2645 D.

100 2682 191 2734 des
231 2684 413 2754 Hayes
450 2684 742 2737 differentia
777 2685 866 2737 illa
902 2686 1148 2738 correcta*
1167 2686 1364 2755 prodiit
1395 2687 1548 2738 lineae
1574 2687 1727 2738 unius
1754 2704 1873 2738 cum
1900 2685 2127 2749 semisse,
2168 2686 2250 2737 vel

99 2774 252 2826 unius
278 2793 397 2826 cum
421 2776 585 2827 tribus
613 2776 806 2847 quartis
830 2777 1066 2846 partibus
1103 2777 1273 2829 lineae.
1351 2777 1455 2829 Per
1481 2796 1567 2830 eas
1593 2777 1813 2829 aliorum
1838 2777 2010 2828 minus
2037 2794 2245 2827 accura-

99 2936 148 2975 ad
167 2938 368 2988 aequatoris
385 2938 744 2984 semi-diametrum,
775 2946 814 2978 et
834 2938 922 2979 111οὂ
945 2941 995 2978 ob
1013 2940 1138 2979 mino-

102 3002 183 3027 rem
202 2992 300 3029 hanc
318 2992 543 3042 gravitatem
561 2992 601 3029 in
616 3001 808 3044 aeqnatore
822 3001 997 3042 respectu
1015 2994 1141 3045 gravi-

99 3043 188 3080 tatis
205 3043 254 3081 ad
273 3045 388 3093 polos,
403 3045 537 3083 Tellus
555 3047 679 3097 magis
697 3047 746 3085 ad
765 3053 998 3096 aequatorem
1018 3047 1142 3086 eleva-

100 3094 204 3132 bitur
220 3096 338 3147 quam
356 3111 425 3146 pro
439 3099 621 3147 superiori
638 3099 797 3144 calculo,
814 3112 858 3137 ac
876 3099 1037 3149 proinde
1056 3100 1142 3139 lon-

102 3147 239 3198 gitudo
269 3151 527 3199 pendulorum
559 3165 646 3203 quae
676 3153 852 3204 gravitati
889 3154 1142 3192 acceleratrici

101 3202 393 3248 proportionalis
419 3212 476 3242 est
504 3205 615 3257 (Cor.
639 3210 677 3244 4.
704 3206 819 3255 Prop.
847 3206 1017 3244 XXIV.
1048 3207 1139 3245 Lib.

104 3252 191 3302 11.)
221 3253 336 3302 paulo
366 3257 487 3308 major
514 3271 595 3296 esse
626 3258 740 3297 debet
763 3258 880 3309 quarn
911 3272 980 3308 pro
1011 3258 1145 3298 tabula

101 3305 393 3397 longituidinum
418 3310 642 3361 computata
667 3312 709 3350 in
731 3325 822 3350 casu
844 3312 881 3351 T
882 3325 975 3351 errae
992 3313 1142 3351 unifor-

101 3367 215 3397 miter
260 3373 375 3400 ensae.

159 3447 225 3499 (¹¹¹)
259 3453 292 3488 9.
320 3452 341 3474 ¹¹¹
365 3451 519 3491 Deinde·
545 3455 601 3492 D.
623 3457 669 3493 de
694 3457 734 3493 la
753 3457 867 3495 Hire.
928 3455 1050 3494 Hisce
1076 3456 1145 3494 ob-

102 3501 380 3561 servationibus
406 3503 567 3556 adjungi
590 3506 731 3546 debent
753 3509 931 3549 instituta
954 3522 978 3547 a
999 3508 1139 3548 clariss.

103 3566 185 3591 viro
208 3555 260 3592 D.
279 3554 328 3592 de
349 3557 505 3595 Mairan
525 3560 787 3608 experimenta
799 3575 887 3612 quae
905 3563 946 3599 in
965 3564 1147 3600 Monum.

109 3605 229 3667 ssaris.
261 3620 322 3645 an.
355 3613 466 3648 1755.
498 3610 695 3662 leguntur.
770 3615 827 3653 Ut
852 3615 988 3653 caloris
1014 3614 1148 3653 solaris

105 3670 184 3696 vim
220 3661 444 3709 exploraret,
484 3663 645 3702 laminas
680 3666 770 3705 ferri
798 3675 836 3705 et
866 3669 976 3717 cupri
1008 3682 1032 3706 a
1062 3669 1147 3706 loco

105 3711 237 3751 clauso
254 3727 299 3752 ac
317 3721 526 3765 temperato
545 3717 605 3755 vel
624 3718 739 3756 etiam
756 3720 995 3771 frigescente,
1021 3721 1071 3760 ad
1091 3721 1147 3758 lo-

106 3776 199 3803 cum
234 3767 422 3806 solaribus
451 3769 567 3807 radiis
588 3778 771 3819 apertum
788 3773 1048 3821 transferebat,
1077 3773 1148 3811 ibi-

109 3829 184 3867 que
211 3820 383 3870 plurium
409 3823 590 3861 horarum
612 3824 733 3873 spatio
757 3825 1006 3878 relinquebat.
1066 3827 1149 3867 Dc-

1194 2941 1285 2980 inde
1320 2940 1554 2980 laminarum
1590 2941 1854 2981 dilatationem
1890 2939 2034 2979 circino
2068 2939 2246 2979 accurate

1195 2996 1379 3045 capiebat,
1409 3004 1631 3033 mensurato
1658 2995 1767 3045 prius
1788 2994 1924 3033 caloris
1957 2993 2090 3032 solaris
2120 2993 2245 3032 incre-

1194 3057 1330 3086 mento
1357 3061 1432 3097 ope
1458 3049 1721 3087 thermometri
1746 3046 2040 3087 Reaumuriani.
2101 3047 2245 3085 Obser-

1197 3103 1296 3140 vavit
1325 3104 1374 3140 ob
1406 3103 1592 3154 majorem
1624 3102 1724 3140 Solis
1759 3102 1925 3140 calorem
1955 3107 2132 3148 respectu
2168 3100 2245 3141 loci

1195 3155 1315 3194 clausi
1342 3154 1383 3192 in
1410 3168 1490 3206 quo
1516 3154 1631 3194 antea
1657 3167 1888 3204 suspensum
1912 3161 1993 3191 erat
2010 3154 2244 3192 thermome—

1194 3216 1312 3253 trum,
1342 3209 1391 3247 ad
1423 3212 1471 3248 15
1490 3209 1551 3247 vel
1570 3214 1621 3248 20
1645 3209 1789 3260 gradus
1814 3207 2008 3258 liquorum
2028 3207 2245 3255 pervenisse

1196 3269 1235 3300 et
1261 3261 1352 3300 ferri
1379 3261 1563 3300 laminam
1591 3267 1615 3301 3
1643 3262 1729 3311 ped.
1755 3261 1806 3312 δὲ
1824 3261 1891 3298 1111.
1916 3259 2075 3311 longam
2093 3260 2246 3299 dilatari

1195 3329 1342 3368 invenit
1361 3318 1427 3381 3¹5
1448 3330 1507 3368 vel
1534 3317 1595 3381 3¹2
1621 3328 1689 3365 lin.
1714 3340 1880 3377 cuprum
1899 3326 1988 3365 flavi
2006 3328 2145 3367 coloris
2162 3342 2246 3368 ma-

1190 3383 1316 3434 jorem
1335 3381 1455 3434 quam
1474 3383 1621 3420 ferrum
1639 3395 1663 3419 a
1679 3381 1797 3420 radiis
1822 3380 2011 3420 solaribus
2032 3382 2248 3430 patiebatur

1196 3436 1475 3475 dilatationem.
1520 3436 1845 3485 Experimentum
1859 3447 2013 3486 quoque
2027 3437 2188 3474 tentavit
2205 3436 2248 3473 in

1198 3488 1300 3539 aqua
1326 3489 1557 3535 ebulliente;
1586 3488 1773 3527 immersit
1799 3501 1938 3537 nempe
1957 3489 1999 3526 in
2017 3487 2064 3526 ea
2082 3502 2248 3538 cuprum

1199 3541 1286 3580 flavi
1307 3542 1445 3581 coloris
1464 3550 1502 3580 et
1519 3541 1676 3586 ferrum,
1703 3541 1865 3580 eandem
1891 3542 2005 3590 plane
2022 3542 2064 3579 in
2083 3551 2248 3593 utroque

1200 3596 1359 3634 metallo
1387 3594 1651 3633 dilatationem
1684 3595 1767 3633 fieri
1794 3597 2030 3641 observavit3
2063 3605 2249 3634 caeterum

1200 3647 1347 3686 lamina
1365 3660 1507 3696 cuprea
1525 3656 1602 3686 tres
1620 3648 1736 3697 pedes
1762 3653 1785 3687 8
1814 3648 1883 3686 1111.
1908 3649 1934 3700 ὲ
1957 3649 2086 3699 longa,
2115 3661 2249 3686 mense

1199 3701 1324 3748 Julio,
1358 3701 1586 3739 ascendente
1615 3703 1889 3740 thermometro
1917 3703 1967 3740 ad
2004 3702 2249 3741 altitudinem

1203 3758 1253 3791 22
1281 3753 1388 3806 grad.
1411 3754 1528 3804 supra
1555 3755 1878 3806 congelationem,
1905 3759 1955 3794 ob
1982 3770 2092 3807 aquae
2111 3754 2249 3793 ebulli-

1203 3825 1303 3866 entis
1321 3825 1487 3865 calorem
1505 3826 1738 3866 dilatabatur
1755 3812 1788 3875 {r
1807 3829 1874 3868 lin.
1898 3829 2059 3868 circiter.
