2528 4172
584 264 899 317 FLUXUS
935 264 1037 317 AC
1078 265 1496 319 REFLUXUS
1536 264 1797 318 MARIS.
2153 273 2256 323 279

128 404 265 455 dicat
290 423 475 474 aquam
510 404 642 455 infra
666 413 855 455 statum
880 404 1166 456 naturalem
1193 405 1486 456 consistere.
1562 404 1800 474 Namque
1826 402 1943 456 cum
1984 404 2029 455 P
2066 404 2258 474 ubique

126 494 192 545 sit
215 495 386 545 minor
410 494 606 545 unitate
631 494 730 544 nisi
755 494 851 545 sub
876 493 999 561 ipsis
1026 495 1176 562 polis,
1207 513 1266 545 ac
1293 494 1567 545 declinatio
1594 494 1761 546 Lunae
1780 513 2045 564 nunquam
2059 494 2129 560 ad
2152 503 2256 549 300.

128 601 396 652 assurgere
431 582 608 650 possit,
649 600 715 632 ex
753 600 856 651 quo
894 581 947 642 Q
993 582 1051 642 <
1088 585 1116 648 7}
1162 592 1212 633 et
1248 582 1301 643 Q
1329 583 1382 643 Q
1427 588 1486 644 <
1512 585 1559 648 ὲ,
1588 583 1684 633 erit
1709 591 1739 634 3
1769 583 1815 634 Ρ
1838 582 1857 607 ²
1883 583 1937 644 Q
1960 582 1979 607 ²
2005 566 2258 652 perpetuo

128 676 323 726 unitate
347 675 547 736 minor3
588 674 809 744 ideoque
833 673 922 724 illa
945 675 1209 742 expressio
1233 674 1486 745 negativa.

198 767 237 829 ᾗ.
264 769 348 814 49.
388 762 475 814 De
511 762 710 814 ratione
747 771 920 813 autem
945 762 1242 814 elevationis
1267 781 1415 832 aquae
1439 763 1493 813 in
1518 781 1709 832 genere
1737 762 1971 831 judicare
1994 762 2167 815 licebit
2191 783 2258 816 ex

127 881 346 935 formula
371 850 1366 987 wff‘w'
1423 904 1514 936 seu
1554 881 1672 936 cum
1712 886 1966 953 posterior
2008 887 2256 938 terminus

127 1058 215 1110 vix
240 1057 303 1109 sit
328 1055 596 1118 sensibilis,
626 1073 692 1106 ex
718 1055 827 1108 solo
853 1056 1026 1124 priore
1051 1024 1491 1161 Ἥ).
1582 1059 1667 1111 Ex
1702 1058 1802 1111 hac
1839 1068 2009 1111 autem
2048 1080 2258 1131 expres-

127 1202 270 1254 sione
303 1202 604 1272 intelligitur
629 1219 777 1271 aquae
803 1200 1139 1252 elevationem
1162 1219 1194 1250 a
1218 1199 1324 1251 sola
1352 1201 1678 1273 elongatione
1705 1203 1873 1255 Lunae
1900 1203 1965 1254 ab
1989 1202 2259 1257 horizonte

123 1292 367 1361 pendere,
409 1293 514 1344 sive
553 1292 705 1343 Luna
730 1292 795 1342 sit
822 1309 975 1359 super
1001 1290 1106 1341 sive
1133 1291 1227 1341 sub
1252 1290 1538 1355 horizonte,
1576 1293 1764 1345 retinet
1789 1295 1926 1344 enim
1954 1303 1983 1346 3
2012 1314 2043 1346 v
2068 1314 2099 1346 v
2129 1325 2195 1336 —-
2227 1305 2249 1348 1

125 1381 348 1432 eundem
372 1380 600 1432 valorem
626 1380 730 1430 sive
755 1398 787 1429 v
814 1379 879 1430 sit
903 1378 1264 1430 affirmativum
1289 1380 1394 1431 sive
1418 1381 1729 1451 negativum.
1803 1383 2012 1434 Deinde
2046 1386 2168 1453 quia
2198 1386 2258 1436 fit

127 1478 157 1522 3
185 1489 218 1520 v
241 1488 274 1521 v
297 1499 367 1508 —
398 1476 415 1520 1
463 1490 513 1516 =
549 1477 581 1519 0
608 1468 651 1519 si
689 1467 842 1519 Luna
879 1467 944 1517 ab
980 1466 1250 1537 horizonte
1284 1467 1439 1520 distet
1470 1488 1594 1520 arcu
1621 1477 1725 1521 350.
1757 1472 1873 1532 16'.,
1910 1481 2021 1522 tum
2047 1491 2181 1541 aqua
2206 1475 2261 1524 in

125 1559 238 1627 ipso
265 1568 399 1610 statu
423 1557 646 1608 naturali
672 1557 768 1607 erit
800 1556 1091 1619 constituta,
1129 1574 1298 1625 neque
1324 1556 1518 1608 elevata
1543 1576 1710 1627 neque
1736 1558 1994 1626 depressa.
2073 1561 2259 1613 Eleva-

124 1650 264 1701 bitur
288 1668 415 1720 ergo
440 1667 590 1718 aqua,
631 1645 749 1698 cum
789 1646 943 1697 Luna
966 1646 1101 1697 ultra
1127 1645 1231 1698 35⁰.
1264 1647 1361 1698 16'.
1388 1646 1469 1698 vel
1494 1666 1649 1715 supra
1673 1647 1755 1698 vel
1779 1647 1913 1698 infra
1937 1648 2260 1702 horizontem

125 1750 369 1802 versetur,
410 1759 438 1790 e
479 1738 738 1790 contrario
778 1747 950 1788 autem
987 1737 1304 1806 deprimetur
1329 1739 1539 1807 quando
1578 1739 1746 1790 Lunae
1771 1740 1836 1790 ab
1861 1740 2130 1792 horizonte
2157 1742 2260 1793 dis-

126 1831 287 1881 tantia
322 1830 491 1880 minor
529 1838 605 1879 est
648 1827 801 1897 quam
845 1833 949 1878 350.
990 1827 1085 1879 16'.
1163 1826 1395 1878 Omnino
1432 1837 1603 1879 autem
1630 1847 1762 1898 aqua
1786 1828 2012 1879 maxime
2038 1830 2134 1880 erit
2171 1830 2262 1881 de-

124 1940 303 1990 pressa
328 1921 453 1972 dum
479 1920 633 1972 Luna
656 1919 826 1987 ipsum
851 1918 1172 1969 horizontem
1197 1929 1431 1988 occupat,
1466 1920 1670 1990 hocque
1694 1930 1926 1989 tempore
1950 1921 2084 1972 infra
2109 1923 2263 1974 situm

125 2044 412 2096 naturalem
433 2042 663 2094 subsidet
687 2040 956 2092 intervallo
984 2082 1016 2144 Q
1050 2094 1084 2145 b
1113 2092 1135 2122 5

125 2187 227 2239 hoc
261 2187 361 2238 situ
387 2184 667 2237 elevabitur
691 2182 963 2235 recedente
990 2180 1142 2233 Luna
1170 2183 1235 2233 ab
1272 2182 1540 2234 horizonte
1564 2183 1668 2234 sive
1695 2202 1849 2252 super
1875 2185 1980 2235 sive
2007 2185 2102 2236 sub
2130 2185 2263 2237 Ter-

127 2275 202 2327 ra.
279 2274 425 2325 Hinc
460 2274 522 2324 iis
559 2272 614 2323 in
650 2271 963 2342 regionibus,
1001 2269 1057 2321 in
1094 2270 1279 2339 quibus
1318 2270 1473 2322 Luna
1509 2272 1673 2322 oritur
1703 2281 1754 2323 et
1785 2273 1987 2335 occidit,
2029 2283 2262 2342 tempore

128 2371 213 2414 24.
239 2362 352 2414 hor.
384 2362 486 2413 48'.
514 2379 656 2412 mare
693 2360 772 2411 bis
810 2358 1032 2411 maxime
1059 2360 1155 2410 erit
1179 2359 1436 2427 depressa,
1472 2360 1655 2430 bisque
1681 2361 1904 2424 elevata;
1944 2373 2102 2414 status
2129 2349 2263 2415 sciliss·

127 2462 208 2504 cet
243 2450 583 2520 depressionis
620 2448 813 2500 incidet
848 2448 903 2498 in
939 2446 1184 2516 appulsus
1222 2447 1391 2498 Lunae
1425 2448 1492 2498 ad
1526 2439 1863 2512 horizontem,
1905 2459 2063 2501 status
2089 2460 2263 2505 autem

1170 2061 1222 2089 =
1260 2048 1308 2104 1,
1354 2048 1448 2092 111
1491 2041 1686 2110 pedum
1725 2046 1783 2111 (§.
1823 2044 1962 2109 41.);
2007 2053 2160 2113 atque
2197 2043 2262 2095 de

127 2541 421 2594 elevationis
458 2541 513 2591 in
550 2539 793 2608 appulsus
830 2537 1000 2589 Lunae
1037 2538 1104 2589 ad
1139 2538 1495 2590 meridianum.
1549 2539 1649 2591 ‘At
1674 2540 1860 2617 quibus
1885 2541 1938 2592 in
1963 2543 2261 2613 regionibus

129 2633 280 2685 Luna
316 2619 412 2682 nec
448 2630 609 2681 oritur
645 2646 741 2679 nec
779 2626 981 2690 occidit,
1023 2627 1265 2696 quoniam
1297 2627 1370 2678 ibi
1403 2627 1557 2679 Luna
1582 2627 1744 2680 altero
1770 2630 1990 2699 appulsu
2014 2631 2081 2681 ad
2106 2633 2261 2683 meri-

129 2723 341 2774 dianum
366 2718 606 2781 maxime,
634 2718 796 2769 altero
820 2716 1029 2768 minime
1055 2718 1120 2769 ab
1145 2717 1413 2769 horizonte
1438 2718 1606 2783 distat,
1637 2722 1801 2788 spatio
1828 2728 1894 2772 24
1921 2721 1973 2773 h.
2001 2725 2102 2774 48‘.
2130 2742 2263 2793 aqua

128 2809 283 2861 semel
324 2817 525 2859 tantum
567 2805 862 2868 elevabitur,
909 2805 1167 2874 semelque
1210 2805 1553 2873 deprimetur:
1611 2808 1708 2858 sub
1746 2809 1870 2878 ipsis
1914 2821 2084 2862 autem
2125 2811 2258 2879 polis

127 2910 281 2951 aestus
307 2897 461 2948 maris
488 2895 700 2946 omnino
725 2894 824 2946 erit
846 2894 1037 2958 nullus,
1070 2894 1286 2946 diurnus
1314 2894 1537 2957 scilicet3
1575 2914 1696 2947 nam
1720 2897 1935 2950 variatio
1959 2898 2259 2951 declinatio-

126 2991 207 3042 nis
233 2989 343 3041 sola
367 2998 556 3040 statum
580 2986 735 3038 maris
760 2985 1003 3038 turbabit.
1599 2981 1609 2992 “

199 3087 241 3149 ᾗ..
260 3088 344 3134 50.
376 3079 511 3132 Cum
536 3079 694 3150 igitur
713 3079 808 3130 sub
827 3078 959 3147 polis
980 3078 1161 3130 Terrae
1179 3078 1350 3130 nuHus
1371 3079 1436 3131 sit
1453 3079 1624 3131 fluxus
1644 3098 1705 3132 ac
1721 3081 1947 3133 refluxus
1972 3083 2143 3147 mariS,
2168 3084 2260 3136 sed

128 3191 262 3242 aqua
281 3179 481 3222 tantum
500 3169 872 3239 aliquantulum
890 3169 1132 3220 ascendat
1149 3169 1544 3241 descendatque,
1566 3182 1722 3240 prout
1741 3172 1893 3224 Luna
1911 3174 1989 3225 vel
2010 3176 2173 3246 magis
2193 3176 2258 3228 ab

128 3269 388 3330 aequatore
427 3258 621 3310 recedit
656 3257 738 3309 vel
780 3258 848 3309 ad
884 3276 1003 3309 eum
1040 3258 1268 3320 accedit3
1319 3258 1583 3310 videamus
1622 3260 1774 3312 etiam
1808 3263 2068 3331 quomodo
2104 3273 2259 3315 aestus

128 3348 283 3402 maris
310 3349 364 3400 in
390 3347 500 3399 aliis
527 3347 710 3399 Terrae
733 3347 1029 3418 regionibus
1056 3346 1338 3400 secundum
1362 3358 1593 3400 nostram
1616 3349 1927 3420 hypothesin
1947 3353 2130 3405 debeat
2148 3373 2259 3407 esse

130 3448 468 3508 comparatus,
575 3438 1029 3490 Considerabimus
1070 3448 1242 3490 autem
1282 3439 1544 3508 praecipue
1587 3450 1691 3492 tres
1732 3441 1986 3512 regioneS,
2040 3463 2258 3514 quarum

128 3531 297 3599 prima
329 3531 496 3600 posita
528 3530 593 3582 sit
625 3530 719 3581 sub
756 3531 870 3599 ipso
902 3539 1179 3600 aequatore,
1215 3530 1440 3582 secunda
1472 3530 1661 3582 habeat
1685 3530 2019 3585 elevationem
2043 3535 2151 3603 poli
2189 3543 2257 3588 30

130 3622 402 3693 graduum,
424 3621 574 3673 tertia
591 3620 714 3673 vero
744 3630 812 3674 60
831 3622 1101 3693 graduum.
1178 3622 1318 3684 Quia
1341 3623 1499 3693 igitur
1518 3624 1572 3673 in
1595 3622 1676 3674 his
1696 3626 1934 3679 omnibus
1959 3628 2255 3699 regionibus

132 3710 285 3762 Luna
332 3709 495 3761 oritur
543 3720 696 3779 atque
745 3710 948 3774 occidit,
998 3711 1226 3762 maxima
1276 3711 1537 3779 depressio
1587 3731 1735 3782 aquae
1785 3715 1976 3787 ubique
2024 3718 2120 3768 erit
2171 3736 2256 3768 ea-

133 3830 267 3893 dem,
297 3830 486 3882 scilicet
510 3848 604 3898 per
640 3829 964 3882 intervallum
1003 3799 1125 3934 2}ss
1162 3830 1297 3882 infra
1334 3832 1487 3884 situm
1519 3835 1821 3900 naturalem,
1863 3856 2023 3907 eaque
2056 3838 2255 3889 contin-
