2528 4172
168 294 354 348 LIBER
377 293 675 358 Timauus]
753 292 1156 346 PRINCIPIA
1196 295 1813 350 MATHEMATICA.
2229 309 2295 353 23

164 455 321 489 mune
358 437 622 508 gravitatis
650 445 885 488 centrum
922 436 1279 505 revolvantur:
1319 449 1560 491 manente
1596 440 1712 512 lege
1749 441 2028 511 gravitatis,
2057 442 2298 495 distantia

166 536 460 578 centrorum
486 525 654 578 Lun'ae
679 544 739 576 ac
767 525 949 575 Terrae
975 524 1040 575 ab
1065 525 1284 577 invicem
1318 527 1415 577 erit
1454 532 1557 593 6031,-
1585 529 2084 582 semidiametrorum
2111 542 2297 584 terres-

163 617 322 668 trium
360 616 559 667 circiter
572 634 587 676 3
631 616 708 665 uti
752 614 1187 682 computationem
1226 615 1424 667 ineunti
1463 617 1674 684 patebit.
1752 620 2084 689 Computatio
2122 632 2295 673 autem

164 712 286 764 iniri
308 720 478 781 potest
500 728 594 779 per
623 710 779 779 Prop.
810 708 934 761 LX.
964 708 1081 760 Lib.
1111 708 1154 761 Ι.

1091 924 1349 976 Scholium.

233 1104 626 1159 Demonstratio
648 1097 1024 1173 Propositionis
1051 1104 1123 1156 sic
1147 1103 1307 1155 fusius
1335 1103 1583 1172 explicari
1607 1113 1793 1173 potest.
1849 1104 1904 1157 Si
1931 1105 2097 1156 Lunae
2121 1106 2294 1174 plures

162 1194 355 1245 circum
397 1194 615 1245 Terram
660 1193 1060 1256 revolverentur,
1107 1193 1324 1261 perinde
1370 1203 1428 1243 ut
1470 1193 1530 1243 fit
1567 1194 1621 1243 in
1659 1203 1934 1261 systemate
1973 1194 2181 1245 Saturni
2213 1193 2296 1245 vel

160 1283 332 1344 Jovis3
370 1282 556 1333 harum
593 1292 828 1350 tempora
863 1280 1128 1349 periodica
1168 1284 1282 1349 (per
1309 1290 1670 1350 argumentum
1695 1281 2028 1347 inductionis)
2057 1281 2296 1332 observa-

160 1382 275 1424 rent
316 1373 486 1443 legem
524 1373 848 1440 planetarum
891 1391 922 1424 a
964 1372 1198 1440 Keplero
1235 1371 1504 1434 detectam,
1546 1383 1598 1423 et
1633 1382 1910 1440 propterea
1945 1373 2132 1423 harum
2163 1373 2296 1423 vires

161 1462 457 1530 centripetae
484 1460 652 1511 forent
675 1459 937 1528 reciproce
964 1471 1021 1511 ut
1048 1460 1298 1530 quadrata
1323 1460 1682 1511 distantiarum
1709 1481 1738 1511 a
1765 1471 1944 1512 centro
1974 1462 2173 1525 Terrae,
2202 1480 2297 1529 per

163 1550 319 1618 Prop.
350 1550 393 1600 Ι.
419 1549 587 1617 hujus.
663 1548 734 1599 Et
764 1548 806 1599 si
843 1566 1021 1600 earum
1042 1548 1226 1598 'infima
1252 1558 1385 1599 esset
1409 1567 1587 1617 parva,
1618 1559 1667 1600 et
1692 1550 1907 1599 vertices
1934 1549 2300 1601 altissimorum

160 1639 414 1690 montium
448 1656 613 1706 prope
649 1647 912 1708 tangeret:
952 1637 1105 1706 hujus
1144 1638 1219 1688 vis
1259 1637 1544 1704 centripeta
1581 1636 1680 1706 qua
1721 1637 2028 1688 retineretur
2065 1638 2118 1687 in
2157 1638 2297 1701 orbe,

160 1729 436 1799 gravitates
474 1746 753 1797 corporum
791 1729 845 1778 in
882 1728 1157 1779 verticibus
1193 1727 1403 1778 illorum
1440 1729 1694 1779 montium
1724 1732 1838 1796 (per
1865 1729 2302 1797 computationem

161 1818 564 1887 praecedentem)
606 1828 833 1887 aequaret
872 1817 1284 1887 quamproxime,
1328 1818 1652 1887 efficeretque
1696 1830 1754 1869 ut
1797 1819 1977 1869 eadem
2025 1818 2219 1880 lunula,
2261 1818 2303 1868 si

162 1917 307 1958 motu
353 1907 494 1958 omni
537 1924 639 1975 quo
681 1908 853 1976 pergit
895 1906 950 1956 in
996 1906 1121 1957 orbe
1162 1925 1255 1957 suo
1291 1907 1598 1973 privaretur,
1641 1907 1843 1961 defectu
1881 1909 1955 1958 vis
2002 1907 2303 1977 centrifugae

164 1996 263 2066 qua
289 1997 343 2046 in
370 1997 495 2047 orbe
520 2005 888 2064 permanserat,
911 1995 1247 2046 descenderet
1266 1996 1319 2046 in
1341 1996 1578 2059 Terram,
1601 1997 1755 2066 idque
1776 1997 1956 2049 eadem
1978 2017 2096 2048 cum
2115 1997 2304 2055 yeloci-

165 2096 270 2137 tate
309 2085 408 2155 qua
445 2085 622 2155 gravia
648 2085 840 2135 cadunt
876 2081 931 2134 in
967 2085 1175 2135 illorum
1200 2085 1455 2135 montium
1481 2086 1772 2149 verticibus,
1800 2097 2012 2155 propter
2039 2087 2304 2156 aequalita-

165 2187 269 2227 tem
311 2157 498 2226 virium
542 2175 727 2244 quibus
770 2174 1103 2225 descendunt.
1195 2174 1265 2226 Et
1309 2176 1350 2226 si
1397 2175 1469 2226 vis
1511 2175 1600 2226 illa
1645 2175 1744 2245 qua
1789 2177 1967 2227 lunula
2001 2177 2087 2226 illa
2125 2176 2304 2227 infima

167 2266 446 2328 descendit,
488 2265 690 2316 diversa
728 2274 861 2315 esset
897 2284 928 2315 a
963 2265 1229 2334 gravitate,
1272 2275 1323 2316 et
1354 2266 1534 2316 lunula
1569 2266 1657 2317 illa
1696 2267 1848 2317 etiam
1884 2268 2054 2338 gravis
2081 2278 2214 2319 esset
2248 2268 2304 2319 in

168 2355 389 2406 Terram
426 2372 571 2404 more
598 2371 874 2421 corporum
901 2353 954 2402 in
974 2353 1249 2403 verticibus
1275 2354 1545 2416 montium,
1588 2355 1768 2405 eadem
1804 2356 1984 2406 lunula
2009 2357 2059 2407 vi
2084 2355 2305 2426 utraque

169 2441 439 2512 conjuncta
467 2441 627 2510 duplo
652 2441 878 2492 velocius
906 2440 1259 2491 descenderet.
1340 2441 1519 2502 Quare
1545 2441 1662 2493 cum
1689 2443 1821 2494 vires
1848 2454 2095 2513 utraeque,
2137 2455 2188 2496 et
2219 2445 2304 2496 hae

174 2553 452 2604 corporum
489 2533 740 2603 gravium,
782 2542 833 2583 et
870 2532 974 2582 illae
1014 2531 1299 2595 Lunarum,
1330 2542 1562 2584 centrum
1590 2534 1771 2585 Terrae
1796 2536 2088 2602 respiciant,
2117 2546 2168 2586 et
2204 2538 2304 2587 sint

167 2626 301 2677 inter
328 2644 380 2676 se
406 2623 593 2676 similes
624 2631 673 2673 et
698 2621 938 2690 aequaleS,
969 2621 1166 2673 eaedem
1205 2625 1319 2689 (per
1349 2622 1480 2692 Reg.
1508 2629 1551 2673 1.
1574 2632 1625 2673 et
1654 2624 1757 2688 11.)
1797 2624 2013 2674 eandem
2037 2624 2303 2677 habebunt

170 2731 390 2764 causam.
468 2711 538 2763 Et
574 2720 852 2779 propterea
890 2709 966 2761 vis
1005 2708 1108 2770 illa,
1150 2708 1250 2778 qua
1279 2709 1433 2759 Luna
1458 2710 1709 2760 retinetur
1734 2711 1788 2759 in
1815 2711 1940 2761 orbe
1967 2730 2076 2773 suo,
2107 2730 2167 2762 ea
2192 2713 2303 2780 ipsa

170 2801 265 2852 erit
303 2817 457 2869 quam
493 2816 587 2848 nos
626 2797 930 2867 gravitatem
967 2796 1138 2847 dicere
1178 2795 1430 2847 solemus:
1474 2798 1630 2867 idque
1667 2798 1892 2849 maxime
1930 2818 1995 2850 ne
2032 2799 2210 2851 lunula
2247 2803 2300 2851 in

168 2890 356 2940 vertice
381 2887 569 2937 montis
595 2885 677 2936 vel
701 2884 949 2955 gravitate
977 2894 1162 2950 careat,
1189 2883 1270 2936 vel
1296 2884 1455 2954 duple>
1481 2888 1704 2938 velocius
1732 2888 1880 2939 cadat
1905 2886 2058 2958 quam
2085 2908 2300 2957 corpora

170 2980 346 3050 gravia
371 2977 537 3030 solent
562 2975 759 3027 cadere.

171 3129 250 3182 quo
275 3131 389 3170 altius
415 3138 472 3169 est
498 3130 613 3180 supra
644 3132 802 3170 Terram
830 3138 1018 3180 punctum
1042 3131 1140 3171 illud
1159 3145 1206 3170 ex

172 3197 250 3233 quo
276 3198 390 3235 grave
416 3184 623 3234 projicitur,
645 3185 691 3224 eo
712 3186 851 3223 minori
870 3198 968 3233 opus
987 3193 1043 3222 est
1062 3186 1099 3222 vi
1118 3199 1202 3234 pro-

167 3236 285 3286 jectili
305 3246 349 3276 ut
368 3238 578 3288 projectum
596 3239 637 3276 in
656 3239 848 3288 planetam
867 3246 1050 3283 mutetur,
1072 3246 1109 3276 et
1127 3236 1205 3288 quo

175 3289 360 3327 humilius
386 3299 442 3328 est
468 3289 515 3328 eo
545 3292 675 3341 majori
698 3291 830 3342 (ibid.)
852 3294 924 3328 hoc
944 3300 1011 3336 est,
1033 3291 1206 3329 celeritas

175 3354 243 3389 per
261 3342 337 3379 vim
355 3344 588 3394 projectilem
613 3346 795 3393 impressa
813 3345 884 3382 erit
902 3342 1049 3381 inverse
1069 3352 1113 3382 ut
1130 3344 1207 3381 dis-

175 3394 306 3440 tantia,
337 3408 374 3433 ν.
406 3409 462 3447 gr.
523 3398 564 3435 Si
597 3398 713 3435 Luna
744 3397 877 3435 eadem
910 3396 1100 3434 celeritate
1131 3396 1210 3447 qua

175 3460 281 3484 nunc
299 3447 340 3483 in
357 3448 479 3486 orbita
492 3448 563 3486 sua
574 3450 781 3488 revolvitur
793 3451 906 3500 juxta
927 3450 1099 3495 Terram,
1120 3462 1208 3498 pro-

175 3500 358 3550 jiceretur
393 3501 604 3540 secundum
635 3503 883 3541 directionem
919 3502 1207 3548 horizontalem‚

175 3552 277 3591 circa
316 3552 513 3591 Tellurem
538 3549 627 3593 'non
672 3556 823 3606 giraret,
871 3555 938 3593 sed
972 3555 1209 3593 terrestrium

174 3605 433 3656 projectilium
451 3618 557 3644 more
574 3608 613 3644 in
637 3609 797 3646 Terram
815 3608 978 3654 caderet,
1003 3615 1210 3658 antequam

178 3663 199 3682 *¹
221 3672 287 3707 per
308 3659 456 3696 tertiam
485 3667 632 3707 partem
655 3661 795 3699 minuti
814 3669 913 3699 esset
929 3668 1047 3699 mota.
1106 3661 1210 3698 Nam

175 3724 285 3750 arcus
303 3725 420 3763 quem
440 3712 558 3750 Luna
576 3717 628 3751 20
645 3713 836 3764 scrupulis
854 3713 1032 3753 secundis
1050 3712 1211 3751 horariis

1259 3136 1301 3173 in
1316 3147 1387 3173 suo
1401 3133 1545 3173 circulo
1564 3134 1751 3182 percurrit
1766 3141 1821 3171 est
1838 3134 1908 3172 11¹²
1923 3133 1951 3170 si
1967 3133 2080 3184 juxta
2098 3133 2297 3171 Tellurem

1260 3188 1417 3227 accedat
1435 3195 1474 3225 et
1492 3186 1629 3225 eadem
1648 3187 1840 3225 celeritate
1864 3195 2073 3233 moveatur,
2102 3187 2168 3224 ille
2186 3198 2298 3224 arcus

1259 3274 1330 3311 erit
1352 3272 1432 3319 11'3
1463 3271 1569 3309 sinus
1595 3284 1725 3309 versus
1751 3283 1861 3308 arcus
1888 3270 1948 3308 11‘
1971 3278 2028 3308 est
2157 3244 2204 3279 51

2058 3307 2299 3340 10.000.000

1252 3356 1368 3401 -radii,
1389 3357 1455 3408 qui
1470 3356 1598 3394 radius
1616 3354 1707 3393 cum
1719 3355 1765 3393 sit
1780 3354 1922 3402 pedum
1943 3358 2147 3395 19615783
2163 3355 2234 3392 erit
2248 3355 2297 3390 si..

1264 3424 1338 3448 nus
1349 3410 1414 3447 ille
1433 3422 1562 3447 versus
1581 3409 1723 3457 pedum
1743 3416 1898 3445 centum
1918 3408 2077 3452 circiter,
2098 3408 2165 3445 sed
2183 3420 2298 3458 grave

1261 3476 1380 3513 prope
1413 3464 1571 3500 Terram
1608 3461 1743 3510 viginti
1781 3460 1862 3498 istis
1897 3461 2086 3509 scrupulis
2121 3460 2298 3498 secundis

1263 3528 1435 3567 cadendo
1452 3525 1638 3576 percurrit
1657 3530 1708 3563 20
1729 3530 1770 3571 ><
1796 3530 1846 3563 20
1868 3532 1908 3572 ><
1936 3517 2062 3579 15-1-1ζ,
2091 3525 2177 3564 sive‘
2193 3532 2296 3565 6033

1263 3581 1350 3630 ped.
1412 3580 1528 3618 Unde
1557 3579 1673 3616 Luna
1697 3578 1737 3614 in
1762 3578 1906 3616 circulo
1930 3592 2001 3617 suo
2019 3580 2296 3625 noirmanebit,

1264 3634 1331 3671 sed
1357 3632 1474 3683 longe
1500 3630 1606 3680 prius
1632 3631 1674 3667 in
1704 3631 1865 3669 Terram
1889 3633 2093 3683 impegerit
2107 3631 2226 3684 quam
2245 3637 2297 3669 20

1264 3685 1433 3725 secunda
1450 3685 1577 3733 elapsa
1594 3683 1765 3723 fuissent.
