2528 4172
573 257 888 313 FLUXUS
926 258 1028 309 AC
1071 254 1491 308 REFLUXUS
1530 243 1793 305 MARISss
2145 253 2244 302 271

1928 389 1965 440 S

121 408 240 486 liter
265 431 598 500 deprimetur,
639 441 690 483 et
714 429 923 500 quidem
946 448 1041 499 per
1069 428 1397 480 intervallum
1423 428 1477 479 D
1504 426 1540 477 d
1574 447 1626 474 =
1663 424 1711 475 E
1737 440 1765 474 e
1800 441 1850 469 =
1887 461 2001 523 ff
2016 439 2029 481 3
2062 438 2129 472 ex
2154 438 2258 489 quo

120 580 219 630 ista
244 577 508 646 depressio
534 576 697 644 duplo
724 575 895 625 minor
919 584 1011 636 est,
1042 562 1442 643 quamelevatio
1468 591 1584 641 quae
1609 571 1663 622 in
1691 571 1742 622 A
1767 579 1821 621 et
1847 569 1894 621 B
1920 561 2119 619 accidit.
2195 563 2261 615 In

125 671 331 740 punctis
355 679 609 739 praeterea
637 669 697 730 F,
722 668 792 730 G,
817 667 878 718 H
905 676 956 718 et
982 667 1025 730 Ι,
1055 685 1170 736 quae
1196 686 1227 717 a
1251 665 1599 717 cardinalibus
1627 663 1675 714 A
1705 673 1756 714 et
1783 663 1829 714 B
1855 661 2047 712 distant
2071 655 2262 727 angulo

126 758 228 811 540.
257 759 343 809 45'
369 758 561 826 quippe
584 775 682 824 pro
708 774 810 825 quo
836 766 913 807 est
940 764 969 807 3
992 775 1026 807 u
1051 775 1086 806 u
1105 787 1175 795 --
1199 763 1221 806 1
1262 775 1314 803 =
1349 763 1399 816 Ο,
1436 772 1605 823 neque
1630 752 1914 804 elevabitur
1939 768 2071 819 aqua
2095 761 2263 816 neque

126 846 459 914 deprimetur,
501 845 592 895 sed
627 844 914 895 naturalem
950 845 1145 896 tenebit
1181 843 1521 895 altitudinem.
1617 842 1681 893 In
1716 842 1833 892 1000
1871 849 2043 891 autem
2082 839 2265 890 Terrae

128 953 454 1006 quocumque
496 935 560 986 M
596 945 934 1004 cognoscetur
969 952 1118 1004 aquae
1160 934 1241 984 vel
1282 927 1498 984 elevatio
1535 931 1618 982 vel
1657 931 1921 999 depressio
1966 947 2031 980 ex
2075 928 2265 998 angulo

128 1026 180 1077 A
203 1026 247 1076 C
273 1023 353 1086 M,
395 1024 539 1091 cujus
577 1023 782 1073 cosinus
819 1042 854 1073 u
891 1033 968 1074 est
1006 1023 1147 1073 sinus
1173 1020 1457 1072 altitudinis
1484 1019 1580 1070 sub
1606 1018 1706 1089 qua
1745 1019 1835 1070 Sol
1860 1018 1942 1069 vel
1970 1017 2122 1068 Luna
2147 1017 2198 1067 in
2230 1016 2267 1068 S

129 1115 354 1166 existens
381 1130 536 1180 super
560 1110 832 1163 horizonte
858 1111 1173 1179 conspicitur
1198 1109 1263 1160 ab
1290 1110 1618 1160 observatore
1650 1108 1704 1158 in
1731 1107 1797 1159 M
1824 1106 2100 1158 constituto
2115 1125 2129 1167 3
2166 1104 2269 1155 hoc

130 1203 268 1255 enim
302 1203 355 1252 in
392 1202 508 1252 loco
546 1220 680 1271 aqua
711 1202 906 1253 elevata
931 1202 1029 1252 erit
1055 1218 1210 1269 supra
1233 1198 1519 1250 naturalem
1545 1196 1868 1248 altitudinem
1904 1194 2173 1246 intervallo
2209 1214 2261 1242 =

132 1289 522 1422 ἕ-(Ξι-ΞΒ-δῗζ-Ῑὶ
554 1329 607 1383 -Ι-
639 1289 1111 1424 ψῃ
1171 1340 1287 1391 quae
1325 1320 1591 1390 expressio
1635 1320 1677 1370 si
1718 1318 1780 1370 fit
1818 1317 2073 1389 negativa,
2113 1315 2270 1366 maris

319 1393 348 1423 a
856 1395 886 1426 a

133 1462 519 1531 depressionem
544 1465 753 1517 indicat.
831 1463 943 1516 Hic
968 1475 1141 1517 autem
1167 1474 1417 1517 annotare
1441 1483 1548 1515 non
1574 1473 1652 1515 est
1677 1481 1824 1531 opus,
1864 1461 2006 1532 quod
2031 1461 2073 1512 si
2109 1478 2273 1529 punc-

133 1561 246 1602 tum
276 1553 313 1604 S
339 1553 435 1604 sub
460 1554 730 1605 horizonte
754 1554 927 1616 lateat,
957 1563 1070 1606 tum
1096 1554 1237 1606 sinus
1263 1548 1608 1621 depressionis
1633 1559 1839 1602 maneat
1863 1549 2071 1619 quidem
2097 1567 2148 1611 u,
2183 1546 2272 1598 sed

133 1639 376 1710 negative
403 1642 568 1709 accipi
594 1641 794 1693 debeat.

205 1734 243 1795 ᾗ.
273 1737 356 1780 38.
395 1730 723 1781 Definiamus
761 1731 920 1802 igitur
956 1732 1182 1800 primum
1216 1732 1335 1785 cum
1369 1732 1706 1784 elevationem
1732 1729 1843 1782 tum
1869 1728 2271 1797 depressionem,

139 1837 257 1887 quae
295 1837 325 1868 a
364 1817 471 1868 sola
508 1820 560 1869 vi
598 1820 733 1871 Solis
770 1820 961 1889 ubique
989 1821 1275 1874 Terrarum
1310 1821 1529 1890 produci
1567 1821 1793 1881 deberet,
1835 1818 1877 1869 si
1908 1816 1983 1867 uti
2016 1815 2273 1884 ponimuS,

145 1906 321 1958 omnia
356 1907 411 1957 in
450 1917 586 1958 statu
623 1909 898 1977 aequilibrii
933 1921 1102 1962 essent
1138 1913 1430 1964 constituta.
1507 1910 1772 1971 Quoniam
1807 1908 1979 1976 itaque
2017 1917 2095 1957 est
2135 1906 2171 1958 S
2217 1926 2269 1952 =

138 2002 350 2051 227512
370 2007 524 2067 atque
543 2017 572 2048 a
597 2019 648 2046 =
668 2005 844 2051 20620
862 1998 1264 2052 semi-diameter
1282 2002 1480 2064 Terrae,
1501 2000 1544 2051 si
1558 2019 1662 2051 una
1680 1999 1863 2050 Terrae
1881 1996 2280 2047 semi-diameter

139 2129 431 2187 assumatur
460 2126 741 2175 19695539
767 2123 963 2192 pedum
992 2123 1155 2176 Paris.
1184 2125 1280 2176 erit
1298 2094 1373 2227 Ξ
1410 2145 1461 2172 =
1497 2130 1693 2188 Ο,5Ο72
1719 2123 1838 2191 ped.
1869 2140 1959 2174 seu
1991 2119 2279 2190 pauxillum

1177 2271 1215 2322 S

142 2301 358 2352 excedet
384 2300 751 2369 semi—pedem:
791 2301 936 2353 valor
960 2310 1132 2353 autem
1159 2342 1233 2384 -4
1260 2288 1471 2353 omnino
1497 2302 1594 2353 erit
1612 2301 1869 2371 quantitas
1895 2315 2204 2351 evanescens
2230 2306 2280 2347 et

1158 2373 1190 2405 a

137 2442 578 2511 imperceptibilis.
665 2444 825 2496 Hanc
861 2444 929 2494 ob
965 2462 1077 2495 rem
1113 2445 1168 2494 in
1205 2444 1503 2515 regionibus
1536 2445 1633 2496 sub
1675 2445 1795 2497 Sole
1821 2442 2131 2495 verticaliter
2157 2441 2281 2503 sitis,

145 2552 265 2602 quae
300 2533 524 2586 habeant
564 2535 739 2587 Solem
764 2536 846 2586 vel
882 2535 935 2585 in
962 2535 1133 2586 zenith
1159 2535 1240 2587 vel
1265 2536 1431 2599 nadir,
1472 2555 1605 2606 aqua
1629 2537 1766 2592 ultra
1791 2534 2113 2587 altitudinem
2137 2543 2285 2584 natu-

145 2623 307 2673 ralem
337 2623 579 2675 attoletur
604 2623 670 2674 ad
697 2608 1036 2691 semiapedem
1062 2642 1181 2675 cum
1206 2624 1407 2692 pollicis
1433 2635 1580 2693 parte
1599 2624 1797 2676 decima
1820 2625 2022 2675 circiter
2036 2644 2050 2685 3
2079 2613 2285 2691 ‹lepres-

152 2711 230 2761 sio
255 2723 427 2762 autem
456 2711 684 2762 maxima
709 2710 858 2762 cadet
881 2711 934 2761 in
959 2712 1089 2773 loca,
1119 2730 1235 2780 quae
1266 2706 1438 2764 Sole‘m
1463 2713 1519 2763 in
1543 2713 1810 2764 horizonte
1837 2713 2167 2780 conspicient,
2199 2710 2285 2761 ubi

143 2817 278 2867 aqua
313 2799 381 2850 ad
420 2799 757 2869 quadrantem
794 2798 942 2867 pedis
981 2809 1181 2855 tantum
1207 2799 1540 2867 deprimetur,
1581 2819 1648 2851 ex
1672 2820 1775 2870 quo
1801 2809 1966 2851 totum
1993 2800 2283 2861 discrimen,

147 2891 290 2960 quod
331 2911 362 2942 a
410 2892 530 2944 Sole
565 2892 625 2942 in'
656 2889 925 2942 altitudine
963 2888 1112 2960 aquae
1149 2891 1372 2942 naturali
1411 2892 1590 2954 oritur,
1637 2892 1704 2943 ad
1747 2902 1851 2943 tres
1893 2900 2099 2961 quartas
2140 2890 2287 2958 pedis

143 2988 318 3046 partes
344 2978 547 3030 circiter
571 2988 817 3048 assurget.
838 3032 841 3035 ,
894 2979 999 3029 Iste
1029 2979 1162 3030 Solis
1188 2979 1400 3031 effectus
1426 2989 1598 3030 autem
1625 2980 1880 3046 distantiae
1900 2989 2099 3030 tantum
2123 2978 2287 3029 medi-

145 3068 254 3118 ocri
283 3068 416 3119 Solis
455 3087 486 3119 a
526 3067 694 3119 Terra
720 3078 796 3119 est
824 3066 1128 3118 tribuendus
1150 3086 1161 3117 :
1202 3067 1344 3136 quod
1370 3068 1412 3118 si
1439 3068 1578 3119 enim
1608 3068 1699 3119 Sol
1723 3078 1956 3119 versetur
1981 3067 2063 3118 vel
2087 3067 2139 3117 in
2165 3085 2290 3134 apo·-

148 3173 281 3225 gaeo,
310 3155 392 3206 vel
426 3156 672 3226 perigaeo,
714 3157 822 3225 ejus
850 3155 1060 3206 effectus
1086 3154 1168 3206 vel
1194 3155 1415 3206 diminui
1444 3156 1524 3207 vel
1558 3157 1737 3227 augeri
1774 3156 1981 3207 debebit
2012 3157 2065 3206 in
2092 3156 2289 3207 ratione

2219 3246 2257 3297 S

148 3275 415 3343 reciproca
449 3274 705 3343 triplicata
732 3275 1091 3327 distantiarum
1129 3275 1262 3328 Solis
1289 3296 1319 3327 a
1347 3276 1530 3340 Terra,
1568 3278 1689 3347 quia
1724 3277 1916 3346 pendet
1940 3296 1970 3328 a
1994 3277 2167 3329 valore
2202 3317 2287 3361 -ἔ

2197 3350 2229 3382 a

152 3415 291 3468 Cum
315 3417 473 3488 igitur
499 3417 682 3469 orbitae
709 3418 892 3469 Terrae
918 3413 1276 3469 excentricitas
1302 3418 1368 3469 sit
1401 3439 1452 3465 =
1488 3417 1670 3486 ῑῦ-ξξῇῑς,
1712 3419 1809 3471 erit
1834 3419 2159 3470 intervallum
2189 3419 2240 3470 A
2260 3438 2290 3470 a

150 3506 233 3558 vel
273 3507 319 3558 B
344 3507 396 3569 b,
437 3507 563 3557 dum
592 3507 683 3558 Sol
718 3507 772 3557 in
796 3508 1025 3578 perigaeo
1051 3516 1300 3569 versatur,
1339 3528 1390 3554 =
1427 3515 1622 3570 Ο,5332
1648 3508 1767 3577 ped.
1795 3508 1874 3559 sin
1900 3517 2071 3560 autem
2112 3508 2203 3559 Sol
2235 3508 2290 3557 in

148 3613 369 3665 apogaeo
390 3596 454 3647 sit
469 3597 790 3659 constitutus,
808 3618 865 3639 =
887 3604 1081 3660 0,4825
1108 3598 1303 3666 pedum
1321 3618 1335 3659 3
1365 3617 1586 3667 quorum
1606 3599 1893 3651 differentia
1911 3600 1977 3651 ad
1996 3600 2289 3651 vicesimam

152 3684 301 3752 pedis
340 3693 541 3752 partem
584 3686 841 3738 ascendit:
892 3688 1037 3739 valor
1080 3698 1253 3739 autem
1290 3689 1491 3740 medius
1533 3698 1611 3742 est
1656 3711 1707 3738 =
1753 3696 1965 3755 Ο,5072,
2005 3708 2158 3760 quem
2192 3705 2290 3756 pro

150 3773 396 3825 mediocri
420 3773 658 3827 distantia
688 3775 821 3827 Solis
844 3796 875 3827 a
900 3776 1066 3829 Terra
1090 3778 1393 3830 invenimus.

1186 3867 1226 3905 U
1246 3872 1270 3905 2
