2528 4172
160 286 345 337 LJBER
371 284 669 349 Timauus]
746 280 1153 335 PRINCIPIA
1188 280 1806 334 MATHEMATICA.
2231 292 2294 337 19

160 430 222 499 (ἅ)
261 429 483 499 ideoque
523 434 639 498 (per
675 445 736 479 ea
773 446 889 497 quae
927 427 1172 477 dicuntur
1201 426 1256 475 in
1285 426 1461 478 Corol.
1491 434 1540 477 2.
1570 427 1728 495 Prop.
1759 427 1936 478 XLV.
1967 427 2084 478 Lib.
2115 428 2181 494 Ι.)
2221 438 2297 480 est

158 521 225 573 ad
265 520 435 571 Lunae
470 521 576 571 vim
614 519 952 585 centripetam
977 526 1035 567 ut
1065 523 1095 566 2
1125 516 1192 567 ad
1219 521 1412 577 357‚45
1442 516 1781 579 circiter,.seu
1812 523 1834 566 1
1868 516 2148 584 ad⁶178›}{·}.
2226 517 2298 569 Et

154 610 389 682 neglecta
418 610 551 662 Solis
576 609 626 660 vi
651 607 867 670 tantilla,
895 608 970 659 vis
997 608 1196 676 reliqua
1222 606 1322 676 qua
1351 606 1503 658 Luna
1530 609 1780 659 retinetur
1806 609 1860 658 in
1887 609 2014 659 orbe
2040 609 2138 659 erit
2164 609 2297 660 reci-

153 698 314 769 proce
347 709 405 750 ut
440 697 545 751 D'².
645 698 711 749 Id
755 696 895 767 quod
932 697 1087 747 etiam
1123 696 1327 764 plenius
1366 697 1634 749 constabit·
1661 696 1978 749 conferendo
2016 698 2151 750 hanc
2189 699 2295 750 vim

156 806 274 840 cum
298 788 350 838 vi
376 764 658 859 gravitatis,
686 795 745 836 ut
769 785 829 835 fit
852 785 906 835 in
932 785 1285 853 propositione
1312 794 1573 854 sequente.

182 868 185 873 ¹
230 879 393 928 Corol.
422 876 482 944 (e)
508 875 563 927 Si
588 874 665 925 vis
691 874 974 942 centripeta
998 874 1273 926 mediocris
1300 873 1400 944 qua
1429 875 1584 926 Luna
1608 877 1858 928 retinetur
1882 878 1937 928 in
1961 878 2086 929 orbe
2107 897 2296 948 augea-

154 978 238 1020 tur
272 964 443 1035 primo
480 965 535 1015 in
571 964 769 1015 ratione
808 968 975 1034 1772‘3’13
1014 963 1081 1014 ad
1122 968 1185 1018 17
1191 966 1305 1033 8353,
1333 963 1522 1032 deinde
1548 966 1704 1016 etiam
1730 966 1785 1017 in
1809 967 2007 1019 ratione
2034 968 2293 1037 duplicata

153 1053 518 1107 semidiametri
561 1052 744 1103 Terrae
788 1051 855 1102 ad
896 1052 1212 1103 mediocrem
1255 1051 1551 1103 distantiam
1601 1054 1764 1105 centri
1815 1055 1983 1105 Lunae
2035 1076 2066 1106 a
2115 1066 2293 1107 centro

153 1146 363 1197 Terrae:
420 1144 693 1195 habebitur
728 1143 804 1194 viS
848 1143 1132 1210 centripeta
1166 1142 1361 1193 lunaris
1406 1143 1473 1194 ad
1511 1143 1852 1212 superficiem'
1878 1146 2074 1208 Terrae,
2120 1146 2291 1214 posito

152 1233 293 1304 quod
317 1233 391 1284 vis
417 1233 505 1283 illa
523 1231 887 1283 descendendo
907 1231 973 1281 ad
999 1230 1324 1298 superficiem
1343 1231 1526 1283 Terrae
1539 1232 1794 1302 perpetuo
1814 1244 2064 1305 augeatur
2090 1235 2144 1285 in
2162 1236 2292 1287 reci-

150 1320 310 1392 proca
337 1321 620 1373 altitudinis
646 1320 846 1371 ratione
872 1318 1148 1387 duplicata.

516 1544 521 1548 ·
576 1517 1051 1571 PROPOSITIO
1091 1512 1188 1570 IV.
1267 1519 1725 1575 THEOREMA
1765 1523 1861 1574 IV.

148 1689 349 1740 Lunam
362 1689 618 1763 gravitate
638 1690 691 1739 in
718 1689 943 1750 Terram,
966 1696 1013 1738 et
1032 1690 1083 1739 vi
1100 1691 1375 1756 gravitatis
1393 1693 1590 1744 retrahi
1607 1711 1794 1760 semper
1813 1712 1846 1744 a
1865 1701 1997 1744 motu
2014 1693 2287 1755 rectilineo,

900 1787 948 1830 et
973 1780 1028 1829 in
1054 1779 1169 1830 orbe
1193 1797 1281 1831 suo
1303 1783 1531 1833 retineri.

219 1949 389 2003 Lunae
413 1948 653 2000 distantia
677 1948 951 1999 mediocris
979 1967 1010 1998 a
1036 1947 1203 2000 Terra
1230 1950 1284 2000 in
1311 1953 1531 2024 syzygiis
1559 1963 1636 2004 est
1661 1954 2160 2005 semidiametrorum
2186 1964 2286 2006 ter-

145 2042 400 2102 restrium,
420 2038 703 2092 secundum
726 2039 1065 2091 Ptolemaeum
1083 2048 1133 2091 et
1150 2039 1429 2111 plerosque
1452 2053 1870 2096 astronomorum
1891 2052 1976 2107 59,
2002 2043 2286 2096 secundum

148 2128 494 2180 Vendelinum
537 2138 588 2179 et
633 2128 940 2199 Hugenium
984 2135 1069 2190 60,
1113 2128 1401 2182 secundum
1458 2133 1809 2202 Copernicum
1847 2137 1964 2200 6033
2003 2132 2287 2184 secundum

145 2297 339 2347 praecipua
370 2304 427 2336 est
458 2297 557 2336 Solis
592 2297 693 2335 actio
730 2296 779 2334 ad
815 2308 1020 2346 apogaeum
1058 2297 1185 2335 Lunae
1242 2300 1346 2350 quod
1381 2301 1413 2338 si
1443 2314 1488 2340 ex
1520 2301 1557 2339 vi
1591 2303 1834 2341 decrescente
1856 2301 2072 2339 secundum
2101 2301 2287 2352 quadrata

144 2351 393 2396 movendum,
424 2350 529 2388 unde
556 2351 716 2388 effectus
740 2350 927 2387 resultans
951 2350 1135 2399 pendebit
1164 2363 1187 2388 a

143 2402 362 2442 differentia
387 2416 520 2441 earum
549 2403 744 2441 actionum
774 2415 860 2453 quae
888 2404 960 2441 erit
986 2404 1085 2441 sicut
1110 2403 1184 2441 dis-

143 2454 264 2495 tantia
284 2457 410 2493 Lunae
428 2471 451 2494 a
472 2456 613 2494 Terra:
638 2456 698 2493 vel
717 2464 760 2493 ut
779 2455 919 2493 melius
937 2469 996 2493 res
1015 2457 1185 2506 concipi-A

144 2517 243 2555 atur,
273 2510 443 2560 fingatur
462 2510 625 2547 orbitam
646 2510 773 2547 Lunae
792 2509 896 2559 cingi
918 2510 1092 2560 undique
1115 2511 1183 2547 So-

143 2563 246 2601 libus
265 2563 461 2613 aequaliter
478 2576 501 2600 a
518 2562 638 2600 Terra
656 2563 897 2608 distantibus,
915 2563 969 2600 ita
986 2571 1031 2600 ut
1050 2563 1183 2612 singu-

145 2616 230 2653 lum
258 2624 449 2664 punctum
476 2616 609 2654 orbitae
634 2616 780 2654 lunaris
807 2615 855 2652 sit
883 2616 1000 2653 simul
1020 2617 1060 2652 in
1079 2629 1186 2665 syzy-

143 2668 209 2720 gia
239 2678 279 2707 et
305 2668 561 2720 quadratur&
592 2668 683 2706 cum
706 2670 805 2707 actio
837 2668 935 2706 Solis
959 2670 1000 2706 in
1019 2670 1186 2720 syzygia,

144 2724 245 2760 sicut
258 2729 297 2760 et
309 2722 408 2760 actio
426 2722 523 2760 Solis
541 2724 578 2759 in
599 2720 845 2772 quadratura,
868 2723 916 2759 sit
934 2731 978 2760 ut
996 2722 1187 2760 distantiae

145 2775 274 2814 Lunae
293 2788 317 2812 a
338 2775 470 2821 Terra,
496 2775 711 2813 differentia
730 2788 862 2813 earum
890 2777 1086 2813 actionum
1112 2776 1186 2814 erit

143 2828 258 2866 etiam
278 2835 323 2865 ut
337 2828 517 2866 distantia
531 2829 657 2866 Lunae
672 2842 695 2866 a
711 2827 843 2872 Terra,
857 2828 923 2865 sed
936 2829 1094 2866 effectus
1108 2829 1183 2866 dif-

142 2881 314 2919 ferentiae
341 2894 473 2919 earum
500 2882 697 2919 actionum
726 2882 797 2919 erit
821 2880 923 2919 idem
944 2894 986 2920 ac
1012 2882 1050 2919 id
1078 2883 1184 2932 quod

142 2934 341 2972 resultabit
367 2947 411 2972 ex
441 2935 689 2972 translatione
710 2934 800 2973 dicti
820 2936 954 2982 puncti
983 2948 1050 2984 per
1074 2948 1183 2985 syzy-

147 2987 253 3038 giam
272 2995 311 3024 et
328 2996 460 3036 postea
478 3001 545 3037 per
563 2987 836 3038 quadraturam
852 3003 860 3025 :
893 2989 983 3025 hinc
1002 2990 1035 3025 si
1053 2998 1182 3026 motus

143 3040 291 3092 apogaei
320 3041 472 3079 medius
503 3049 732 3087 assumatur,
770 3042 803 3078 is
831 3041 1014 3089 pendebit
1038 3043 1086 3079 ab
1117 3055 1181 3079 ac-

142 3094 261 3137 tione,
276 3106 364 3143 quae
400 3095 472 3132 erit
507 3104 552 3132 ut
588 3094 769 3133 distantia
807 3095 938 3132 Terrae
975 3108 999 3133 a
1036 3094 1178 3142 Luna3

142 3146 249 3184 addit
276 3157 406 3185 autem
425 3148 641 3185 Newtonus
666 3147 784 3197 quam
820 3146 994 3196 proxime
1026 3157 1182 3197 propter

141 3199 331 3237 actionem
346 3201 386 3237 in
401 3201 553 3249 punctis
566 3200 664 3238 inter
675 3201 847 3251 syzygias
866 3208 904 3238 et
918 3200 1180 3251 quadraturas,

142 3251 312 3302 sed1quae
331 3266 466 3301 parum
485 3255 584 3298 hanc
602 3254 791 3292 rationem
812 3256 992 3298 turbant3
1023 3267 1114 3292 nam
1138 3254 1182 3291 in

141 3305 293 3353 punctis
310 3305 548 3344 intermediis
566 3307 633 3345 ubi
652 3307 752 3345 actio
771 3306 849 3357 qua
870 3308 986 3345 Luna
1002 3307 1180 3345 distrahi-

141 3364 207 3394 tur
233 3365 264 3394 a*
285 3359 404 3396 Terra
420 3361 545 3410 magis
563 3360 758 3409 recffleret
777 3362 825 3397 ab
843 3362 915 3397 hac
933 3362 1096 3407 ratione,
1118 3374 1182 3399 ac-

141 3409 265 3447 tiones
295 3413 515 3460 compositae
547 3426 630 3450 sese
662 3412 803 3451 mutu&
832 3413 1037 3452 destruunt
1074 3421 1112 3452 et
1140 3414 1183 3451 in

138 3463 295 3512 punctis
314 3478 336 3501 a
354 3465 517 3516 syzygiis
535 3473 604 3503 aut
621 3480 644 3504 a
661 3466 905 3516 quadraturis
930 3479 1009 3504 non
1027 3467 1185 3504 remotis

139 3516 241 3553 actio
272 3517 370 3554 Solis
396 3518 567 3567 sequitur
591 3518 766 3568 proxime
786 3519 938 3557 easdem
957 3521 1123 3558 rationes
1140 3533 1185 3558 ac

139 3568 180 3606 in
199 3569 291 3617 ipsis
312 3570 485 3619 Syzygiis
501 3583 545 3608 ac
563 3573 832 3621 quadraturis;
852 3573 943 3609 hinc
963 3574 1062 3610 actio
1084 3572 1185 3610 Solis

141 3621 335 3672 quatenus
357 3622 513 3659 Lunam
531 3623 707 3662 distrahit
725 3638 748 3663 a
772 3624 907 3672 Terra,
935 3633 992 3663 est
1011 3624 1186 3674 proxime

139 3682 186 3712 ut
202 3675 380 3713 distantia
401 3674 530 3712 Terrae
548 3689 572 3713 a
591 3677 722 3715 Luna.

193 3727 248 3779 (⁶)
271 3732 291 3752 '¹‘
314 3728 478 3779 Ide6que
499 3741 569 3777 per
596 3744 640 3767 ea
666 3744 752 3779 quae
768 3733 953 3771 dicuntur
971 3734 1014 3770 in
1037 3733 1120 3770 Cor.
1147 3734 1185 3768 2.

143 3782 257 3831 Prop.
274 3783 356 3822 XL
369 3784 410 3820 V.
430 3783 518 3821 Lib.
537 3784 572 3821 I.
611 3785 632 3807 ¹¹
653 3782 809 3822 Dicitur
825 3783 867 3821 in
886 3796 933 3823 eo
955 3784 1182 3830 Corollario‚

1241 2354 1506 2392 distantiarum
1526 2356 1723 2394 auferatur
1737 2357 1793 2393 vis
1807 2369 1894 2406 quae
1913 2363 2054 2392 crescat
2069 2355 2283 2392 secundum

1240 2406 1341 2455 ipsas
1373 2408 1580 2452 distantias,
1611 2421 1699 2459 quae
1731 2410 1781 2447 sit
1815 2409 1864 2446 ad
1899 2409 2066 2456 priorem
2103 2416 2147 2445 ut
2183 2413 2199 2445 l
2234 2409 2284 2447 ad

1239 2465 1401 2507 557.45‚
1422 2469 1551 2499 motus
1570 2462 1831 2512 progressivus
1850 2461 1999 2512 apogaei
2024 2460 2095 2499 erit
2122 2461 2174 2498 ld.
2207 2462 2278 2500 31'.

1239 2514 1312 2551 28⁸
1340 2515 1381 2551 in
1410 2515 1564 2565 singula
1588 2515 1854 2562 revolutione3
1883 2523 2013 2552 motus
2040 2522 2170 2551 autem
2196 2528 2285 2564 pro-

1239 2568 1430 2617 gressivus
1476 2569 1625 2618 apogaei
1672 2569 1820 2606 lunaris
1868 2576 1926 2606 est
1974 2568 2124 2606 circiter
2164 2568 2285 2617 duplo

1244 2621 1420 2666 velocior,
1441 2622 1531 2659 hinc
1551 2622 1606 2658 vis
1624 2622 1691 2661 illa
1716 2622 1887 2661 ablatitia
1906 2622 2018 2659 debet
2038 2634 2118 2658 csse
2137 2622 2186 2659 ad
2205 2623 2284 2659 vim

1244 2673 1373 2711 Lunae
1392 2676 1642 2725 centripetam
1661 2683 1706 2714 ut
1725 2681 1749 2714 2
1768 2675 1817 2714 ad
1842 2680 1991 2714 557.45
2012 2676 2091 2712 sive
2110 2684 2154 2712 ut
2176 2679 2209 2714 1.
2233 2675 2283 2714 ad

1243 2731 1257 2764 1
1270 2730 1331 2765 78.
1340 2734 1361 2767 7
1367 2732 1427 2768 ⁶25.

1299 2812 1356 2865 (e)
1386 2816 1407 2837 ’¹‘
1439 2815 1478 2851 Si
1505 2814 1557 2851 vis
1584 2814 1788 2862 centripeta
1814 2812 2018 2850 mediocris.
2083 2809 2280 2854 Quoniam

1240 2867 1297 2903 vis
1315 2866 1485 2904 ablatitia
1508 2865 1607 2903 Solis
1634 2874 1691 2903 est
1709 2865 1757 2903 ad
1777 2865 1854 2902 vim
1874 2865 2125 2913 centripetam
2154 2863 2281 2900 Lunae

1237 2938 1282 2968 ut
1311 2936 1327 2969 1
1357 2932 1405 2969 ad
1434 2921 1588 2986 178353,
1620 2934 1651 2971 si
1676 2933 1733 2970 vis
1760 2933 1931 2970 ablatitia
1962 2931 2061 2970 Solis
2080 2932 2127 2968 sit
2151 2935 2183 2976 1,
2210 2930 2282 2968 erit

1237 2997 1295 3033 vis
1314 2997 1523 3046 centripeta
1544 3000 1670 3036 Lunae
1694 2986 1844 3052 178{g‚
1873 2997 2039 3047 ideaque
2057 2995 2226 3034 detracta
2243 2994 2281 3032 vi

1234 3050 1405 3088 ablatitia
1437 3052 1547 3098 Solis,
1578 3053 1648 3090 erit
1674 3053 1730 3089 vis
1751 3053 1878 3090 Lunae
1896 3050 1974 3102 qua
1992 3048 2122 3087 revera
2142 3048 2280 3086 retine-

1234 3111 1297 3141 tur
1315 3104 1355 3141 in
1374 3103 1498 3142 orbita
1517 3105 1585 3142 sua
1604 3119 1671 3154 per
1691 3107 1769 3142 vim
1787 3106 1917 3143 Terrae
1929 3105 2119 3140 minutam
2131 3102 2282 3139 actione

1240 3170 1339 3209 Solis
1363 3173 1408 3210 17
1415 3158 1516 3225 7553
1580 3171 1712 3216 Quare
1731 3172 1763 3209 si
1782 3171 1842 3208 vis.
1852 3169 2055 3208 mediocris
2069 3167 2148 3220 qua
2162 3169 2282 3207 Luna
2301 3204 2305 3207 .

1235 3239 1424 3277 retinetur
1461 3239 1502 3275 in
1539 3241 1642 3285 orbe,
1680 3247 1868 3289 augeatur
1891 3237 1934 3274 in
1963 3236 2110 3274 ratione
2139 3221 2280 3289 177}ss

1236 3305 1286 3343 ad
1309 3292 1462 3358 l78{1-3-,
1483 3305 1718 3343 obtinebitur
1736 3316 1824 3340 vera
1843 3302 1899 3340 vis
1914 3303 2042 3340 Lunae
2056 3302 2278 3350 centripeta‚

1237 3358 1363 3409 qualis
1397 3358 1498 3395 foret
1533 3358 1564 3394 si
1601 3357 1711 3394 nulla
1739 3363 1837 3394 esset
1865 3356 1966 3394 actio
1998 3356 2107 3394 Solis.
2169 3355 2280 3392 Hinc

1235 3411 1360 3461 posito
1378 3410 1481 3460 quod
1501 3410 1557 3447 vis
1575 3410 1642 3447 illa
1668 3409 1936 3447 descendendo
1963 3409 2013 3446 ad
2040 3409 2280 3457 superficiem

1242 3465 1372 3503 Terrae
1384 3462 1571 3512 perpetuo
1586 3472 1774 3513 augeatur
1791 3462 1833 3500 in
1852 3462 2046 3511 reciproca
2064 3461 2281 3500 altitudinis

1239 3531 1308 3556 seu
1336 3516 1527 3555 distantiae
1545 3530 1568 3554 a
1591 3523 1724 3553 centro
1745 3516 1876 3553 Terrae
1898 3516 2047 3554 ratione
2070 3513 2279 3563 duplicata,

1239 3578 1284 3608 ut
1307 3572 1492 3608 habeatur
1517 3570 1572 3606 vis
1599 3569 1809 3617 centripeta
1840 3570 1879 3606 in
1907 3569 2108 3617 superficie
2136 3569 2279 3618 Terrae,

1240 3623 1449 3661 dicendum
1472 3630 1529 3659 est
1547 3629 1591 3659 ut
1608 3622 1838 3671 quadratum
1858 3622 2130 3660 semidiametri
2153 3622 2283 3659 Terrae

1240 3677 1290 3714 ad
1317 3675 1546 3726 quadratum
1575 3674 1766 3713 distantiae
1783 3675 1986 3713 mediocris
2004 3676 2123 3713 centri
2152 3675 2282 3711 Lunae

1239 3743 1263 3766 a
1285 3736 1417 3766 centro
1444 3728 1584 3772 Terrae,
1613 3726 1668 3765 ita
1694 3729 1749 3765 vis
1774 3730 1983 3776 cenulpeta
2007 3728 2055 3766 ad
2082 3737 2277 3779 quartum,

1238 3781 1343 3833 quod
1362 3781 1433 3819 erit
1451 3781 1506 3819 vis
1526 3781 1565 3819 in
1583 3781 1784 3831 superficie
1805 3783 1947 3821 Terrae.

1165 3853 1253 3892 D4
