2528 4172
240 288 310 334 82
746 279 1311 334 PHILOSOPHIAE
1349 278 1804 333 NATURALIS
1859 280 1978 345 [DE
2000 279 2203 331 Mum).
2228 280 2381 333 SYsr.

573 497 822 548 Latitudo
945 497 1237 566 Longitudo
1388 492 1635 547 Mensura
1662 496 1856 563 gradus
1884 490 2031 543 unizis

639 572 750 621 loci.
1518 571 1573 619 z‘n
1599 568 1895 619 meridiano,

1567 693 1851 756 hexqpedan

1623 768 1798 816 56637

1623 840 1798 885 56642

1622 913 1798 958 56659

1621 983 1795 1032 56687

1624 1057 1797 1104 56724

1625 1128 1799 1177 56769

1624 1200 1798 1246 56823

1625 1273 1798 1317 56882

1626 1345 1799 1390 56945

1623 1417 1799 1463 56958

1626 1490 1794 1538 56971

1626 1562 1799 1607 56984

1623 1634 1799 1683 56997

1624 1706 1800 1754 57010

1627 1779 1803 1827 57022

1624 1851 1798 1898 57035

1625 1922 1800 1971 57048

1626 1995 1794 2043 57061

1624 2066 1799 2115 57074

1629 2138 1805 2187 57137

1629 2211 1802 2259 57196

1629 2283 1804 2332 57250

1555 2354 1564 2362 ’
1629 2355 1802 2403 57295

1628 2427 1804 2475 57332

1629 2499 1804 2548 57360

1630 2571 1802 2619 57377

1629 2643 1801 2690 59382

323 2843 543 2894 Constat
581 2850 751 2892 autem
800 2859 895 2909 per
944 2840 1079 2892 hanc
1120 2841 1366 2904 tabulam,
1421 2841 1562 2912 quod
1604 2840 1863 2913 graduum
1911 2841 2232 2911 inaequalitas
2282 2848 2387 2890 tam

242 2951 404 3002 parva
428 2932 524 2995 ''sit,
566 2940 625 2983 ut
666 2931 720 2981 in
759 2931 913 2982 rebus
948 2932 1310 3002 geographicis
1348 2932 1518 3002 figura
1558 2932 1741 2984 Terrae
1779 2951 1876 3001 pro
1915 2930 2167 3001 sphaerica
2208 2930 2388 2995 haberi

242 3024 432 3094 possit:
475 3022 539 3093 (¹¹)
564 3022 855 3092 praesertim
889 3020 932 3073 si
970 3021 1138 3073 Terra
1162 3021 1319 3091 paulo
1345 3022 1557 3074 densior
1583 3023 1648 3075 sit
1673 3041 1851 3075 versus
1876 3021 2088 3090 planum
2113 3021 2388 3089 aequatoris

248 3116 404 3187 quam
428 3135 605 3168 versus
630 3114 793 3184 polos.
1181 3180 1184 3184 r

314 3212 432 3263 Jam
469 3209 592 3262 vero
631 3206 914 3260 astronomi
947 3206 1104 3277 aliqui
1129 3207 1183 3257 in
1208 3206 1522 3277 longinquas
1547 3206 1786 3277 regiones
1812 3205 1878 3257 ad
1904 3205 2283 3256 observationes
2309 3223 2389 3255 as-

248 3301 559 3351 tronomicas
598 3297 859 3350 faciendas
893 3297 1054 3359 missi,
1095 3296 1436 3347 observarunt
1473 3295 1614 3366 quod
1650 3295 1922 3366 horologia
1952 3296 2263 3347 oscillatoria
2287 3306 2391 3347 tar-

247 3387 363 3440 dius
413 3399 744 3441 moverentur
791 3407 958 3458 prope
1001 3397 1317 3457 aequatorem
1368 3385 1523 3457 quam
1565 3388 1620 3437 in
1668 3387 1967 3457 regionibus
2017 3388 2225 3438 nostris.
2321 3386 2393 3437 Et

252 3477 423 3547 primo
460 3478 669 3547 quidem
707 3480 780 3531 D.
812 3478 1008 3531 Richer
1042 3478 1144 3530 hoc
1174 3478 1464 3534 observavit
1489 3496 1625 3529 anno
1657 3484 1809 3533 1672.
1836 3478 2082 3529 ininsula
2114 3480 2390 3547 Cayennae.

248 3567 385 3619 Nam
412 3566 538 3617 dum
564 3568 860 3620 observaret
884 3568 1157 3620 transitum
1182 3567 1406 3618 fixarum
1430 3585 1526 3636 per
1554 3566 1899 3619 meridianum
1924 3587 2103 3619 mense
2131 3567 2390 3636 Augusto,

246 3657 437 3725 reperit
463 3655 791 3727 horologium
818 3676 969 3708 suum
986 3657 1183 3709 tardius
1198 3657 1395 3708 moveri
1416 3654 1570 3726 quam
1595 3673 1694 3723 pro
1718 3656 1890 3707 medio
1915 3666 2061 3708 motu
2090 3655 2239 3715 Solis,
2259 3654 2393 3704 exis-

302 3837 365 3889 (ὴ)
390 3839 410 3862 *
436 3838 653 3876 Pmsertim
681 3839 713 3875 si
749 3839 880 3876 Terra.
943 3837 994 3875 In
1022 3849 1068 3875 eo
1095 3836 1285 3888 siquidem
1312 3848 1405 3874 casu
1436 3834 1562 3873 minui
1587 3834 1862 3874 diametrorum
1882 3834 2137 3875 differentiam
2157 3832 2395 3872 ostendimus

277 3892 285 3900 ⁹
362 3892 378 3911 3
