2528 4172
282 272 383 318 266
692 263 1137 327 INQUISITIO
1178 263 1517 316 PHYSICA
1556 264 1640 316 IN
1682 263 2005 316 CAUSAM

1243 418 1521 549 ,70οἐ00ος
1575 448 1714 499 unde
1753 467 1997 499 numerus
2038 450 2418 501 oscillationum

278 589 508 658 ejusdem
545 586 759 655 penduli
797 587 982 638 eodem
1018 597 1252 656 tempore
1296 587 1566 651 editarum,
1614 589 1702 640 illo
1746 607 1868 640 casu
1912 590 2008 640 erit
2051 599 2109 641 ut
2159 590 2209 640 xl
2257 593 2304 658 (1
2346 621 2418 629 —

386 686 407 729 1
528 715 545 780 )
574 734 665 767 seu
692 723 715 767 1
748 747 820 756 -
955 686 977 729 1
2017 688 2035 730 1
2158 718 2174 780 )
2204 737 2293 768 seu
2315 726 2336 769 1
2364 720 2417 771 ÷

277 769 523 814 3500000
845 769 1093 818 7000000
1908 770 2153 819 7000000

404 857 426 900 1

278 925 580 988 14000000·

269 1037 399 1088 pore
425 1025 798 1093 absolutarum,
829 1028 947 1082 cum
972 1030 1196 1101 gravitas
1222 1029 1447 1082 maxime
1473 1039 1551 1082 est
1575 1030 1842 1094 diminuta,
1871 1041 1920 1083 et
1945 1031 2064 1083 cum
2087 1032 2311 1084 maxime
2338 1043 2414 1085 est

275 1123 445 1176 aucta,
474 1118 725 1169 tenebunt
751 1120 1004 1171 rationem
1028 1128 1086 1170 ut
1115 1127 1393 1172 13999998
1423 1119 1490 1170 ad
1518 1126 1816 1182 14000001,
1855 1120 1956 1170 hoc
1981 1130 2057 1171 est
2080 1130 2137 1171 ut
2162 1129 2409 1175 4666666

271 1204 341 1255 ad
379 1211 647 1269 4666667,
690 1226 758 1259 ex
795 1227 898 1277 quo
937 1208 1058 1259 satis
1093 1208 1403 1276 perspicitur
1436 1207 1780 1259 differentiam
1816 1207 1951 1259 hanc
1976 1208 2184 1259 minime
2216 1212 2411 1279 percipi

279 450 563 500 maximum
588 446 711 499 vero
745 448 1120 498 incrementum
1153 473 1210 491 =

1142 716 1243 767 hoc
1268 714 1391 767 vero
1417 734 1537 767 casu
1562 726 1619 768 ut
1656 719 1707 768 xl
1741 721 1788 785 (1
1823 717 1876 769 -Ι-

656 890 877 942 Numeri
913 909 1039 962 ergo
1077 891 1453 943 oscillationum
1491 891 1556 942 ab
1591 891 1772 943 eodem
1801 891 2030 960 pendulo
2066 893 2248 944 eodem
2283 903 2412 945 tem-

269 1313 437 1363 posse.
515 1297 708 1349 Similis
747 1308 918 1350 autem
957 1297 1169 1350 omnino
1206 1309 1283 1350 est
1307 1299 1439 1350 ratio
1464 1299 1673 1351 alterius
1698 1299 2030 1367 phaenomeni
2055 1293 2410 1353 declinationis

272 1385 463 1437 scilicet
488 1406 519 1438 a
544 1388 644 1439 situ
669 1389 899 1441 verticali
924 1398 1235 1457 comparata,
1266 1407 1381 1460 quae
1407 1408 1674 1460 nunquam
1699 1390 1764 1441 ad
1791 1392 1872 1443 5‘''
1898 1409 2176 1461 exsurgere
2199 1403 2384 1460 potest.

1212 1613 1482 1629 ἋἋἋἋἋἋἋ

952 1779 1242 1841 CAPUT
1287 1778 1716 1840 TERTIUM.

309 1943 411 2000 De
438 1943 686 2019 Figurd‚
724 1962 890 2022 quam
917 1943 1068 2001 vires
1093 1940 1216 2001 edm
1245 1943 1410 2013 Solis,
1453 1940 1572 2001 tzim
1599 1943 1807 2015 Lunoe,
1858 1945 2064 2004 Terroe
2100 1944 2365 2004 inducere

1189 2051 1484 2101 conantur.

262 2222 301 2284 ᾗ.
333 2225 417 2270 31.
461 2191 628 2273 CUM
662 2222 820 2293 igitur
853 2222 909 2274 in
938 2223 1121 2292 Capite
1156 2222 1485 2293 praecedente
1515 2222 1650 2275 vires
1676 2231 1781 2275 tam
1808 2243 1840 2275 a
1868 2222 1988 2276 Sole
2014 2222 2167 2294 quam
2194 2244 2223 2275 a
2251 2225 2402 2277 Luna

262 2311 510 2362 oriundas
553 2313 1078 2379 determinaverimus,
1124 2316 1308 2386 quibus
1352 2315 1569 2387 singulae
1611 2315 1794 2367 Terrae
1836 2315 2104 2383 particulae
2145 2315 2211 2366 ad
2249 2317 2404 2367 situm

259 2400 530 2453 relativum
557 2402 676 2454 cum
701 2405 834 2456 inter
860 2425 913 2456 se
938 2403 1051 2458 tum
1075 2415 1314 2474 respectu
1341 2406 1518 2468 centri,
1556 2404 1696 2475 quod
1721 2405 1776 2455 in
1799 2404 1901 2455 hoc
1925 2405 2135 2474 negotio
2161 2414 2404 2473 tanquam

261 2491 530 2558 quiescens
568 2494 939 2557 consideratur,
980 2495 1362 2546 immutandum
1403 2492 1772 2554 sollicitantur3
1825 2492 1954 2543 ordo
1999 2492 2297 2561 requireret,
2344 2503 2402 2544 ut

253 2579 364 2646 jam
389 2579 443 2628 in
469 2579 639 2647 ipsum
663 2592 879 2644 motum,
909 2602 1012 2652 quo
1039 2583 1255 2653 singulae
1279 2580 1546 2651 particulae
1580 2582 1713 2633 inter
1739 2600 1793 2632 se
1821 2581 2134 2632 commoveri
2160 2581 2398 2642 debeant,

264 2669 659 2738 inquireremus.
739 2672 937 2723 Verum
976 2673 1096 2725 cum
1133 2673 1248 2725 haec
1284 2671 1608 2745 investigatio
1635 2671 1700 2724 sit
1725 2669 1919 2724 altioris
1946 2672 2219 2743 indaginis,
2249 2683 2401 2742 atque

258 2779 388 2828 opus
416 2760 607 2814 habeat
631 2763 901 2839 prinqipiis
926 2764 1243 2816 mechanicis
1271 2765 1337 2816 ad
1361 2774 1562 2815 motum
1585 2763 1810 2833 partium
1845 2763 1980 2814 inter
2006 2782 2059 2813 se
2085 2763 2402 2831 respicienti-

255 2848 370 2912 bus,
398 2850 570 2920 qualia
593 2851 681 2903 vix
709 2872 927 2923 usquam
953 2852 1123 2905 adhuc
1148 2854 1477 2923 reperiuntur
1491 2873 1505 2916 3
1549 2854 1605 2904 in
1640 2853 1742 2905 hoc
1771 2852 1955 2921 Capite
1980 2871 2091 2904 rem
2117 2852 2400 2905 secundum

253 2943 512 3012 principia
550 2946 730 2997 statica
766 2946 981 2999 ulterius
1018 2947 1259 3017 persequi
1293 2965 1586 3017 pergamuS,
1627 2964 1687 2997 ac
1724 2945 1947 3016 figuram
1981 2944 2395 3006 determinemus,

255 3052 411 3101 quam
448 3035 582 3086 vires
626 3036 760 3088 Solis
799 3048 849 3088 et
888 3038 1056 3089 Lunae
1096 3037 1214 3089 cum
1252 3038 1466 3089 seorsim
1498 3036 1609 3088 tum
1634 3037 1787 3088 etiam
1814 3036 2125 3105 conjunctim
2151 3035 2398 3086 inducere

255 3136 521 3177 conantur.
564 3128 796 3178 Huncin
813 3129 971 3180 finem
989 3130 1211 3181 Terram
1227 3129 1572 3199 undequaque
1591 3127 1804 3180 materia
1822 3126 1979 3179 fluida
2001 3142 2090 3178 seu
2108 3126 2238 3197 aqua
2261 3129 2397 3179 cinc-

253 3221 361 3263 tam
381 3216 863 3283 contemplabimur,
888 3217 991 3287 quo
1008 3218 1449 3270 sollicitationibus
1467 3218 1677 3269 obedire
1693 3236 1751 3268 ac
1772 3217 1992 3287 figuram
2008 3217 2068 3268 iis
2091 3218 2395 3268 convenien-
2424 3245 2447 3259 κ

255 3313 358 3354 tem
386 3317 503 3358 actu
529 3308 745 3359 induere
771 3319 940 3378 queat.
1017 3310 1081 3361 In
1106 3310 1206 3361 hoc
1232 3311 1424 3362 scilicet
1460 3309 1669 3380 negotio
1698 3308 1871 3360 Solem
1897 3319 1948 3360 et
1973 3308 2178 3360 Lunam
2202 3310 2396 3378 pariter

254 3413 314 3445 ac
353 3395 515 3463 ipsam
553 3398 775 3457 Terram
813 3400 1131 3469 quiescentes
1169 3400 1504 3469 concipimus,
1543 3399 1615 3450 ita
1647 3407 1706 3448 ut
1741 3398 1875 3449 inter
1901 3417 1954 3449 se
1988 3396 2243 3466 perpetuo
2269 3416 2394 3449 eun-

257 3484 378 3535 dem
405 3487 559 3537 situm
585 3488 854 3541 relativum
880 3500 1201 3553 conservent,
1244 3509 1347 3560 quo
1379 3498 1533 3559 pacto
1560 3488 1744 3540 Terrae
1769 3488 1835 3539 ab
1862 3487 2146 3539 actionibus
2176 3486 2308 3538 Solis
2334 3505 2393 3538 ac

255 3575 424 3627 Lunae
450 3575 617 3645 figura
642 3597 951 3645 permanens
970 3598 1096 3630 mox
1121 3580 1378 3643 induetur,
1403 3598 1558 3650 quam
1576 3578 1774 3629 tamdiu
1793 3578 2048 3640 retinebit,
2072 3576 2242 3646 quoad
2269 3577 2413 3628 item‘

255 3666 380 3717 situs
417 3665 659 3716 relativus
698 3669 864 3721 duret.
943 3671 1284 3739 Perspicuum
1319 3680 1492 3722 autem
1532 3678 1609 3721 est
1646 3669 1994 3740 cognitionem
2028 3668 2181 3737 hujus
2209 3667 2391 3737 figurae

253 3775 444 3826 magno
475 3754 700 3806 futuram
727 3776 837 3808 esse
863 3759 1160 3827 adjumento
1197 3760 1264 3811 ad
1300 3759 1528 3829 ejusdem
1554 3758 1739 3829 figurae
1762 3756 2238 3810 transmutationem
2263 3752 2389 3804 defi-

254 3846 516 3910 niendam,
546 3846 587 3897 si
613 3855 719 3898 tam
749 3847 857 3898 Soli
883 3847 1038 3917 quam
1065 3851 1235 3902 Lunae
1259 3860 1430 3903 motus
1455 3849 1724 3912 tribuatur.
