2528 4172
281 270 410 321 xviii
891 319 894 322 .
1084 273 1633 327 INTRODUCTIO
2181 273 2346 342 [CAP.
2376 277 2419 330 1.

275 414 341 467 sit
379 415 446 468 M
485 415 546 479 P,
588 414 778 466 dantur
815 413 868 465 in
906 415 1169 487 triangulo
1199 418 1236 470 S
1265 418 1329 470 M
1358 419 1403 470 P
1427 419 1561 471 latus
1592 418 1637 471 P
1665 418 1702 470 S
1729 416 2165 487 complementum
2190 418 2417 472 declina-

273 503 426 556 tionis
464 514 516 555 et
552 502 771 573 angulus
800 501 872 553 AE
914 503 959 555 P
996 504 1070 567 D,
1111 507 1255 575 cujus
1281 516 1360 557 est
1384 524 1629 559 mensura
1656 506 1729 559 AE
1767 506 1840 569 D,
1870 525 1936 558 ex
1962 505 2062 576 qua
2089 507 2132 558 si
2157 507 2418 561 auferatur

273 592 536 664 quadrans
563 590 638 642 ΖΕ
665 600 734 652 (γ’,
764 589 975 643 dabitur
999 596 1233 645 ascensio
1260 604 1402 646 recta
1427 604 1478 642 ‘Y'
1507 595 1596 651 D..

148 708 177 739 x
254 722 261 726 -
349 691 430 736 19.
461 683 546 734 Ex
571 681 869 751 hujusmodi
895 683 1339 736 observationibus
1359 694 1410 737 et
1432 684 1639 749 calculis
1665 684 1934 737 inventum
1952 693 2029 736 est
2053 684 2278 737 fixarum
2301 686 2417 738 lati-

270 770 475 823 tudines
491 769 835 822 immutabiles
855 789 986 834 esse,
1008 772 1357 843 longitudines
1377 773 1501 826 vero
1520 793 1615 844 per
1631 774 1863 845 singulos
1884 793 2045 826 annos
2067 782 2134 827 50
2156 776 2414 841 secundis,

270 870 322 912 et
344 881 440 931 per
464 880 627 913 annos
669 868 698 917 7
704 869 735 912 2
773 862 941 933 gradu
966 882 1071 914 uno
1097 864 1493 933 quamproxime
1518 864 1724 936 augeri.
1810 863 1968 917 Unde
1993 864 2322 916 manifestum
2354 867 2416 918 fit

254 951 442 1002 vstellas
481 949 612 1000 fixas
649 959 795 1017 motu
832 951 1047 1020 proprio
1085 952 1178 1003 sed
1215 952 1500 1004 lentissimo
1537 953 1591 1004 in
1629 953 1832 1005 circulis
1864 952 2118 1022 eclipticae
2149 955 2409 1024 parallelis

267 1042 515 1113 progredi
540 1043 594 1093 in
621 1043 1004 1112 consequentia,
1038 1052 1127 1095 aut
1151 1043 1194 1095 si
1220 1044 1380 1096 stellae
1400 1044 1521 1096 fixae
1540 1045 1682 1096 omni
1706 1044 1922 1113 proprio
1947 1053 2092 1095 motu
2118 1046 2404 1113 priventur,

253 1143 461 1202 puncta
486 1135 866 1204 aequinoctialia
891 1135 1105 1205 singulis
1132 1135 1279 1187 annis
1306 1136 1358 1186 in
1387 1134 1741 1187 antecedentia
1759 1134 1956 1185 moveri
1973 1152 2069 1201 per
2088 1153 2266 1186 arcum
2293 1137 2408 1201 50'',

267 1223 421 1293 atque
447 1223 563 1276 haec
588 1234 665 1276 est
687 1225 962 1293 praecessio
988 1225 1415 1295 aequinoctiorum
1436 1245 1502 1275 ex
1522 1225 1622 1293 qua
1649 1225 1709 1274 fit
1733 1232 1792 1275 ut
1813 1224 1905 1275 Sol
1929 1233 2076 1275 motu
2100 1227 2317 1295 proprio
2342 1228 2409 1279 ab

267 1315 577 1384 aequinoctio
614 1316 681 1367 ad
717 1316 856 1368 idem
893 1316 1261 1387 aequinoctium
1299 1313 1447 1367 citius
1482 1323 1770 1365 revertatur
1795 1311 1953 1383 quam
1978 1333 2008 1365 a
2034 1313 2182 1366 stella
2208 1315 2313 1368 fixa
2340 1317 2409 1369 ad

267 1404 501 1456 eandem.
536 1452 538 1455 ,
564 1452 566 1454 .
602 1406 787 1457 Annus
837 1405 997 1476 igitur
1048 1405 1227 1457 solaris
1272 1402 1644 1473 aequinoctialis
1692 1402 1900 1453 brevior
1942 1411 2020 1454 est
2062 1421 2201 1454 anno
2231 1405 2407 1458 solari

255 1496 484 1560 ,sidereQ
523 1497 625 1549 hoc
662 1507 737 1549 est
772 1497 980 1549 brevior
1005 1506 1081 1548 est
1105 1505 1339 1564 tempore
1367 1494 1516 1545 unius
1543 1492 1877 1544 revolutionis
1908 1492 2041 1544 Solis
2069 1512 2100 1543 a
2125 1493 2272 1546 stella
2298 1496 2406 1549 fixa

250 1585 334 1635 ,ad
371 1585 588 1636 eandem
626 1586 813 1647 fixam3
853 1584 1142 1636 differentia
1167 1592 1244 1634 est
1270 1586 1350 1635 20'
1383 1583 1475 1638 17''
1505 1600 1609 1651 quo
1634 1591 1868 1649 tempore
1898 1581 1989 1633 Sol
2013 1591 2160 1633 motu
2193 1586 2408 1654 proprio

266 1694 444 1727 arcum
471 1678 566 1729 50‘'
594 1675 816 1727 conficit.
893 1675 989 1726 Est
1014 1672 1330 1745 ergoannus
1356 1672 1587 1724 sidereus
1617 1670 1804 1724 365d³e“
1831 1670 1936 1724 6¹¹0‘·
1964 1673 2013 1724 9'
2044 1674 2153 1728 17''.

339 1770 424 1816 20.
467 1763 743 1815 Stellarum
769 1763 1064 1816 distantiam
1090 1762 1306 1836 dicimus
1333 1779 1512 1815 arcum
1539 1760 1718 1812 circuli
1743 1760 1956 1812 maximi
1983 1761 2116 1812 inter
2143 1763 2407 1825 stellarum

267 1866 444 1908 centra
478 1856 925 1925 comprehensum,
963 1865 1067 1919 aut,
1110 1854 1251 1926 quod
1293 1852 1477 1905 eodem
1514 1850 1665 1915 redit,
1706 1850 1954 1923 angulum
1978 1869 2148 1921 ‘quem
2185 1864 2340 1906 rectae
2376 1874 2408 1907 a

267 1948 455 2000 centris
494 1948 759 1999 stellarum
778 1952 780 1954 ’
796 1947 863 1999 ad
900 1947 1109 1999 oculum
1135 1955 1331 2015 specta·-

266 2038 392 2089 toris
429 2038 599 2090 ductae
636 2038 877 2090 efficiunt.
956 2037 1014 2090 Si
1052 2055 1151 2105 ope
1176 2036 1328 2087 semi-

269 2128 449 2180 circuli
502 2129 583 2180 vel
645 2128 944 2199 quadrantis
996 2127 1332 2179 observentur

265 2218 522 2271 distantiae
549 2218 709 2270 stellae
735 2218 948 2287 alicujus
976 2217 1041 2268 ab
1067 2216 1177 2268 aliis
1203 2216 1331 2267 dua-

263 2311 362 2362 bus
400 2311 556 2362 stellis
584 2328 804 2380 quarum
840 2308 1114 2379 longitudo
1141 2316 1191 2358 et
1214 2306 1328 2358 lati-

267 2400 396 2451 tudo
420 2409 559 2451 notae
586 2409 720 2462 sunt,
761 2399 895 2449 illius
923 2416 1127 2468 quoque
1163 2396 1329 2467 longi-

264 2489 393 2542 tudo
441 2500 493 2541 et
539 2489 759 2541 latitudo
811 2489 1089 2540 dabuntur.
1189 2486 1327 2539 Nam

263 2588 374 2631 esto
414 2579 649 2648 ecliptica
693 2579 740 2630 E
786 2578 849 2640 L,
891 2578 1043 2647 polus
1087 2578 1195 2646 ejus
1243 2575 1324 2639 M,

264 2668 424 2720 stellae
448 2678 587 2720 notae
611 2667 949 2739 longitudinis
971 2677 1022 2719 et
1044 2666 1326 2719 latitudinis

267 2760 305 2812 S
342 2768 393 2810 et
433 2759 492 2822 F,
532 2758 683 2809 tertia
720 2757 866 2809 stella
903 2757 973 2808 D.
1049 2756 1328 2809 Ducantur

264 2860 366 2901 tres
387 2847 565 2900 circuli
583 2846 869 2899 latitudinis
888 2846 951 2897 M
973 2846 1027 2897 D
1057 2846 1119 2909 E,
1141 2845 1206 2896 M
1226 2846 1262 2897 S
1280 2846 1327 2896 B

263 2949 314 2991 et
358 2938 423 2991 M
463 2940 507 2991 F
544 2939 611 3003 A,
653 2939 858 3008 sintque
896 2937 1032 2989 datae
1070 2937 1326 2988 distantiae

263 3029 319 3080 D
343 3030 379 3081 S
399 3038 450 3080 et
468 3028 523 3080 D
546 3029 605 3080 F.
659 3028 799 3089 Quia
819 3027 1008 3079 dantur
1026 3026 1322 3078 latitudines

265 3117 303 3168 S
325 3117 370 3167 B
397 3126 448 3168 et
475 3117 518 3167 F
540 3117 591 3168 A
617 3116 881 3168 stellarum
911 3117 948 3168 S
968 3125 1019 3167 et
1041 3115 1099 3177 F,
1129 3114 1393 3166 dabuntur
1415 3127 1595 3167 earum
1621 3116 1999 3185 complementa
2026 3116 2063 3168 S
2091 3114 2158 3167 M
2183 3124 2233 3167 et
2261 3116 2304 3167 F
2331 3115 2398 3168 M

216 3203 218 3206 ’
261 3223 379 3255 cum
407 3205 599 3275 angulo
620 3205 666 3257 B
689 3204 753 3256 M
776 3205 841 3267 A,
871 3205 1014 3273 cujus
1039 3221 1281 3255 mensura
1307 3212 1384 3255 est
1408 3222 1557 3256 arcus
1586 3204 1631 3255 B
1654 3205 1721 3267 A,
1750 3204 2039 3255 differentia
2056 3203 2396 3274 longitudinis

260 3292 524 3343 stellarum
564 3294 601 3345 S
640 3302 691 3344 et
730 3293 789 3355 F,
819 3302 869 3343 et
894 3291 1012 3344 ideo
1037 3292 1091 3343 in
1117 3291 1378 3361 triangulo
1410 3292 1447 3344 S
1475 3293 1519 3343 F
1546 3292 1627 3356 M,
1667 3292 1875 3344 dabitur
1904 3294 1940 3345 S
1970 3293 2029 3355 F,
2058 3310 2177 3344 cum
2203 3294 2396 3364 angulo

264 3380 327 3432 M
357 3382 394 3433 S
435 3381 493 3432 F.
582 3382 735 3433 Datis
772 3382 826 3433 in
863 3381 1122 3453 triangulo
1158 3381 1214 3434 D
1256 3381 1294 3432 S
1334 3381 1393 3443 F,
1436 3380 1600 3431 tribus
1637 3381 1884 3432 lateribus
1925 3381 2132 3432 dabitur
2175 3383 2394 3454 angulus

260 3469 315 3520 D
346 3469 383 3521 S
412 3469 470 3530 F,
500 3478 550 3520 et
577 3469 619 3519 si
645 3489 710 3521 ex
739 3477 862 3523 360⁰
889 3489 978 3521 seu
1005 3479 1227 3539 quatuor
1252 3468 1458 3539 angulis
1485 3469 1635 3520 rectis
1662 3469 1978 3521 subducatur
2004 3489 2206 3522 summa
2230 3491 2394 3542 angu-

258 3558 430 3610 lorum
466 3559 704 3611 datorum
742 3561 797 3612 D
840 3562 876 3613 S
918 3561 961 3612 F
998 3569 1049 3612 et
1077 3560 1121 3611 F
1150 3560 1186 3612 S
1215 3558 1296 3621 M,
1328 3558 1536 3610 dabitur
1560 3559 1780 3630 angulus
1807 3560 1862 3611 D
1892 3560 1929 3611 S
1959 3559 2039 3622 M,
2071 3579 2188 3611 cum
2215 3579 2317 3629 quo
2343 3573 2394 3612 et

257 3649 392 3700 notis
418 3649 660 3701 lateribus
689 3650 743 3702 D
774 3652 810 3702 S
838 3661 888 3702 et
917 3653 953 3703 S
982 3651 1062 3714 M,
1109 3650 1431 3718 reperientur
1457 3649 1589 3700 latus
1617 3650 1682 3700 M
1707 3650 1762 3702 D
1788 3650 2224 3718 complementum
2251 3670 2393 3719 quae-

260 3738 372 3791 sitae
396 3737 678 3790 latitudinis
705 3739 865 3791 stellae
891 3740 964 3802 D,
997 3750 1047 3791 et
1073 3738 1293 3808 angulus
1322 3738 1369 3790 E
1397 3737 1461 3790 M
1484 3737 1529 3790 B
1557 3738 1699 3807 cujus
1724 3757 1966 3790 mensura
1985 3749 2061 3791 est
2085 3757 2233 3790 arcus
2256 3739 2302 3792 E
2327 3740 2388 3804 B,
