2528 4172
558 242 873 297 FLUXUS
912 242 1012 294 AC
1059 240 1479 294 REFLUXUS
1517 237 1780 294 MARIS.
2131 238 2233 288 317

140 477 286 523 Horoe
302 482 406 540 post
431 476 477 522 F
476 475 641 521 luxum.
735 471 954 522 Celeritas
977 470 1136 518 Maris
1158 471 1398 518 verticalis.
1455 519 1457 521 ,
1481 467 1700 515 Celeritas
1714 463 1874 512 Maris
1889 462 2189 509 horizontalis.

393 623 426 666 Ο
830 618 991 674 0,000
1018 608 1298 661 descendit.
1579 610 1733 668 1,067
1761 604 1813 654 in
1842 622 2095 656 occasum.

396 693 418 736 1
830 690 990 746 Ο,5ΟΟ
1017 681 1298 732 descendit.
1574 684 1733 741 0‚927
1761 676 1812 725 in
1841 694 2096 728 occasum.

393 764 425 808 2
830 763 990 817 Ο,860
1016 753 1299 805 descendit.
1575 756 1734 812 0‚567
1760 748 1812 798 in
1841 767 2093 799 occasum.

395 837 426 882 3
833 834 989 889 1,ΟΟΟ
1015 825 1297 878 descendit.
1574 828 1732 884 0,067
1761 822 1814 871 in
1839 839 2093 874 occasum.

390 907 423 951 4
830 907 989 962 0,860
1017 897 1298 949 descendit.
1575 901 1733 957 0‚432
1762 893 1814 942 in
1841 904 2028 944 ortum.

394 979 424 1024 5
830 980 990 1034 0,500
1017 969 1299 1022 descendit.
1424 998 1425 1003 =
1574 972 1732 1029 0,792
1760 966 1811 1015 in
1839 975 2025 1016 ortum.

390 1052 421 1096 6
830 1051 990 1105 0,000
1018 1041 1267 1100 ascendit,
1575 1046 1734 1101 0,93‘2
1762 1039 1814 1087 in
1841 1052 2026 1088 ortum.

393 1121 423 1170 7
830 1123 990 1177 O,5OO
1017 1113 1263 1164 ascendit.
1575 1117 1734 1174 0,792
1761 1110 1815 1159 in
1842 1119 2028 1160 ortum.

392 1195 421 1238 8
831 1194 990 1249 0,860
1016 1185 1263 1236 ascendit.
1574 1190 1735 1245 0,432
1762 1183 1813 1232 in
1841 1194 2027 1232 ortum.

391 1267 422 1311 9
835 1266 991 1320 1,000
1018 1257 1263 1308 ascendit.
1569 1262 1730 1317 0‚067
1759 1254 1812 1304 in
1839 1272 2093 1305 occasum.

358 1337 424 1382 10
830 1338 989 1393 0,860
1017 1329 1262 1380 ascendit.
1573 1334 1730 1390 0,567
1759 1328 1815 1377 iu
1839 1345 2093 1377 occasum.

360 1409 417 1452 11
831 1409 991 1464 Ο,5ΟΟ
1018 1401 1271 1452 ascendit.
1573 1406 1731 1461 0,927
1759 1400 1814 1449 in
1837 1417 2093 1449 occasum.

355 1480 417 1524 12
831 1481 991 1537 Ο,ΟΟΟ
1018 1472 1297 1525 descendit.
1456 1525 1462 1531 ,
1577 1478 1731 1534 1,067
1759 1472 1814 1523 in
1839 1489 2093 1523 occasum.

97 1653 269 1707 Facile
295 1663 465 1706 autem
490 1653 793 1725 intelligitur
820 1673 919 1723 pro
944 1654 1243 1726 regionibus
1268 1653 1334 1705 ab
1359 1662 1620 1722 aequatore
1646 1654 1872 1716 remotis,
1901 1650 2165 1721 praecipue
2192 1651 2236 1702 si

97 1745 252 1797 Luna
275 1744 462 1797 habeat
481 1745 893 1809 declinationem,
915 1756 1026 1797 tum
1046 1755 1323 1816 utrumque
1347 1755 1546 1797 motum
1564 1745 1727 1816 magis
1747 1745 1856 1796 fore
1881 1744 2235 1815 irregularem,

92 1843 245 1903 atque
281 1851 406 1883 mox
442 1851 711 1884 ascensum
747 1832 895 1885 citius
933 1834 1132 1885 absolvi
1167 1852 1293 1884 mox
1330 1832 1455 1884 vero
1492 1833 1796 1885 descensum
1816 1853 1829 1894 3
1881 1842 2021 1884 totus
2060 1842 2234 1883 autem

97 1933 267 1976 motus
293 1920 490 1974 facilius
517 1941 584 1974 ex
617 1922 741 1991 ipsis
768 1922 1002 1974 formulis
1028 1922 1161 1974 datis
1188 1932 1545 1993 cognoscetur.
1625 1920 1736 1974 Hic
1760 1921 1985 1991 denique
2022 1919 2238 1990 profun-

97 2012 310 2064 ditatem
349 2012 541 2082 ubique
583 2011 802 2064 eandem
840 2013 1138 2080 posuimus3
1195 2010 1335 2082 quod
1376 2012 1420 2062 si
1460 2011 1598 2062 enim
1638 2019 1772 2062 esset
1804 2010 2027 2073 diversa,
2068 2018 2240 2061 motus

98 2106 431 2158 horizontalis
458 2106 609 2157 simul
633 2106 886 2157 rationem
912 2105 1165 2158 inversam
1193 2104 1557 2173 profunditatis
1583 2103 1793 2156 tenebit.

172 2203 211 2266 ᾗ.
241 2203 325 2252 97.
376 2197 620 2267 Denique
656 2206 934 2267 antequam
967 2198 1069 2248 hoc
1099 2197 1273 2265 Caput
1296 2196 1554 2260 finiamus,
1597 2197 1768 2248 notari
1807 2204 2028 2265 oportet,
2072 2211 2243 2264 neque

98 2287 351 2338 maximos
388 2296 542 2337 aestus
580 2286 640 2337 iis
675 2286 799 2355 ipsis
836 2287 1156 2356 temporibus
1195 2287 1400 2338 evenire
1434 2305 1603 2355 posse,
1645 2287 1831 2356 quibus
1857 2287 1990 2337 vires
2026 2285 2160 2338 Solis
2192 2293 2244 2335 et

102 2377 271 2429 Lunae
309 2372 533 2430 maxime
570 2378 762 2449 vigent,
800 2397 898 2430 nec
934 2379 1175 2430 minimos
1214 2389 1369 2430 aestus
1395 2388 1522 2441 tum,
1565 2376 1683 2430 cum
1707 2378 1783 2429 vis
1809 2398 1840 2429 a
1866 2378 2020 2429 Luna
2045 2386 2096 2428 et
2123 2375 2243 2428 Sole

102 2476 224 2517 nata
249 2476 326 2517 est
350 2466 679 2529 debilissima,
721 2467 814 2518 sed
849 2467 1111 2537 aliquanto
1144 2466 1357 2518 tardius.
1435 2466 1618 2518 AEstfis
1645 2466 1782 2518 enim
1808 2465 2112 2537 magnitudo
2137 2482 2244 2516 non

106 2553 272 2607 solum
298 2575 328 2607 a
353 2557 637 2626 quantitate
661 2556 849 2608 virium
870 2557 1255 2609 sollicitantium
1279 2558 1487 2626 pendet,
1509 2558 1585 2609 uti
1611 2557 1664 2608 id
1689 2576 1786 2608 usu
1807 2558 2020 2619 veniret,
2045 2557 2086 2607 si
2112 2574 2246 2625 aqua

0 2711 9 2722 ἵ
103 2646 287 2698 inertia
326 2658 538 2711 careret,
578 2647 670 2699 sed
705 2648 917 2716 insuper
953 2667 985 2699 a
1020 2658 1164 2699 motu
1194 2649 1303 2717 jam
1341 2647 1460 2699 ante
1498 2658 1766 2717 concepto.
1845 2646 2005 2708 Quod
2032 2646 2074 2697 si
2109 2645 2247 2696 enim

96 2734 223 2795 ,ante
249 2746 392 2786 mare
417 2736 629 2786 omnino
655 2736 945 2805 quievisset,
973 2746 1083 2787 tum
1108 2737 1306 2804 primus
1335 2735 1471 2788 certe
1496 2747 1654 2787 aestus
1681 2736 1932 2787 oriundus
1959 2735 2243 2786 admodum

102 2822 305 2880 futurus
344 2833 478 2875 esset
514 2824 678 2886 exilis,
719 2823 919 2875 etiamsi
949 2823 1081 2875 vires
1108 2824 1437 2876 sollicitantes
1464 2834 1637 2876 essent
1661 2825 1903 2875 maximae
1921 2843 1935 2886 3
1976 2833 2246 2893 sequentes

103 2913 228 2966 vero
271 2922 426 2966 aestus
469 2912 715 2966 continuo
759 2924 1063 2978 crescerent,
1111 2914 1278 2966 donec
1320 2915 1530 2966 tandem
1577 2925 1697 2984 post
1739 2924 1943 2983 tempus
1987 2913 2248 2964 infinitum

102 3004 516 3075 'magnitudinem
554 3004 866 3075 assignatam
903 3003 1213 3066 obtinerent,
1254 3003 1298 3055 si
1335 3003 1545 3074 quidem
1579 3004 1712 3055 vires
1739 3003 2070 3055 sollicitantes
2108 3001 2247 3053 idem

104 3093 268 3143 robur
306 3091 560 3162 perpetuo
598 3101 891 3144 servarent:
931 3102 1084 3162 atque
1117 3091 1219 3144 hoc
1256 3092 1392 3144 idem
1421 3092 1624 3144 evenire
1650 3093 1819 3156 debet,
1862 3093 1904 3143 si
1929 3102 2085 3143 aestus
2111 3110 2249 3160 prae-

107 3182 347 3234 cedentes
383 3192 585 3234 tantum
621 3182 812 3235 fuerint
836 3182 1078 3245 minores,
1119 3181 1274 3253 quam
1298 3183 1341 3234 is
1368 3184 1458 3253 qui
1482 3183 1677 3235 viribus
1706 3183 2097 3235 sollicitantibus
2124 3202 2247 3235 con-

103 3272 259 3322 venit.
336 3271 516 3333 Quare
551 3269 671 3323 cum
696 3280 852 3323 aestus
876 3270 1142 3322 novilunia
1166 3289 1226 3323 ac
1261 3271 1544 3340 plenilunia
1576 3271 1928 3340 praecedentes
1954 3272 2058 3323 sint
2079 3273 2249 3324 mino-

105 3380 204 3426 res,
247 3362 284 3413 ii
324 3362 536 3431 quidem
577 3362 659 3413 his
699 3363 1018 3432 temporibus
1059 3363 1124 3414 ab
1166 3363 1327 3415 auctis
1361 3364 1557 3416 viribus
1592 3365 1940 3436 augebuntur,
1980 3384 2087 3416 non
2122 3365 2248 3418 vero

111 3451 281 3504 subito
318 3462 480 3504 totam
518 3472 664 3505 suam
702 3456 1040 3524 quantitatem
1075 3464 1469 3526 consequentur,
1508 3467 1663 3528 atque
1699 3458 1835 3511 hanc
1865 3460 1933 3511 ob
1957 3478 2069 3511 rem
2093 3471 2251 3512 aestus

112 3541 395 3592 etiamnum
418 3552 538 3610 post
563 3544 793 3614 syzygias
813 3555 1091 3616 augmenta
1109 3546 1376 3615 accipient,
1400 3547 1565 3600 donec
1584 3548 1653 3600 ob
1679 3558 1790 3601 tum
1810 3560 2047 3602 secutura
2066 3551 2253 3601 virium

110 3632 458 3695 decrementa,
499 3642 653 3684 aestus
689 3633 878 3686 iterum
916 3635 1214 3688 decrescere
1252 3636 1514 3706 incipiant.
1592 3639 1673 3691 Ita
1704 3646 1936 3710 tempore
1963 3641 2253 3692 novilunio-

113 3741 230 3773 rum
254 3733 305 3773 et
327 3722 731 3791 pleniluniorum
753 3742 860 3776 non
886 3734 993 3776 tam
1017 3727 1117 3794 ipsi
1141 3737 1296 3778 aestus
1323 3726 1477 3797 quam
1500 3729 1817 3782 incrementa
1842 3751 2022 3783 eorum
2043 3749 2254 3782 censen-

117 3809 185 3860 da
221 3821 341 3861 sunt
377 3811 619 3874 maxima,
660 3822 911 3882 quatenus
949 3813 1142 3865 scilicet
1167 3825 1319 3867 aestus
1356 3817 1708 3884 praecedentes
1733 3820 1960 3872 maxime
1986 3820 2251 3883 deficiunt,

172 3897 270 3936 Vox„
299 3898 386 3937 111.
1190 3903 1221 3935 Ζ
