2528 4172
589 248 906 303 FLUXUS
943 250 1046 303 AC
1086 250 1460 303 REFUXUS
1499 248 1763 302 MARIS.
2133 260 2237 306 253

99 392 227 444 sime
259 411 434 444 sumus
465 394 738 456 ostensuri,
779 394 845 445 ab
882 392 963 444 his
998 394 1198 446 duabus
1233 395 1428 446 viribus
1458 413 1564 446 non
1603 393 1771 446 solum
1809 395 1864 446 in
1896 413 2091 447 oceano
2123 414 2237 448 mo-

95 492 207 534 tum
243 484 567 552 reciprocum
603 485 842 554 generari
877 484 1082 547 debere,
1122 485 1214 536 sed
1240 486 1394 537 etiam
1420 505 1540 537 eum
1564 487 1751 555 ipsum,
1790 488 1877 557 qui
1904 487 2058 539 aestus
2083 489 2239 538 mari-

92 574 147 624 ni
184 574 396 626 nomine
431 574 671 646 insigniri
709 575 870 626 solet:
910 589 1065 644 atque
1101 575 1238 627 hanc
1275 576 1343 628 ob
1377 594 1488 627 rem
1531 576 1750 628 firmiter
1776 580 1886 646 jam
1922 578 2238 629 affirmamus

92 684 266 718 veram
305 665 476 719 fluxus
513 685 575 719 ac
610 666 838 719 refluxus
877 685 1082 718 causam
1120 669 1175 719 in
1214 669 1348 722 Solis
1387 670 1486 721 illis
1521 670 1723 722 duabus
1760 672 1972 735 viribus,
2014 691 2234 742 quarum

93 756 253 808 altera
290 756 358 807 ad
398 757 573 810 Solem
598 766 676 808 est
712 756 922 819 directa,
964 757 1124 809 altera
1149 757 1217 810 ad
1242 758 1468 822 Lunam,
1499 778 1608 810 esse
1631 761 1852 828 positam
1869 781 1884 824 3
1923 761 2126 831 hocque
2166 763 2232 813 si-

91 844 201 895 mul
236 844 467 896 omnium
505 863 686 897 eorum
724 846 999 897 sententias
1032 846 1263 900 funditus
1301 850 1593 911 evertimus,
1635 850 1722 919 qui
1759 851 1842 901 vel
1876 851 1988 902 aliis
2018 850 2232 903 omnino

89 934 281 986 viribus
319 935 458 986 idem
494 935 879 1004 phaenomenon
916 936 1225 1001 adscribere,
1265 938 1346 990 vel
1372 956 1491 989 cum
1527 937 1607 990 his
1646 939 1770 1008 ipsis
1797 940 1922 991 alias
1946 941 2080 993 vires
2107 960 2233 994 con-

81 1026 305 1097 jungere
332 1036 602 1079 conantur.
1003 1088 1007 1092 ,

158 1123 196 1186 §.
234 1108 315 1170 1'1.
363 1101 600 1181 Quaestio
643 1118 801 1190 igitur
843 1119 909 1172 de
952 1117 1104 1171 causa
1146 1118 1318 1171 fluxus
1362 1138 1423 1171 ac
1462 1120 1690 1172 refluxus
1733 1122 1904 1184 mariS,
1950 1124 2126 1191 prouti
2170 1143 2231 1176 ea

87 1208 152 1259 ab
190 1208 531 1260 illustrissima
570 1207 853 1260 Academia
883 1207 1050 1278 Regia
1077 1218 1154 1260 est
1188 1209 1471 1277 proposita,
1511 1210 1578 1260 ad
1601 1209 1737 1261 hanc
1763 1210 2036 1262 deducitur
2062 1232 2229 1282 quaes-

85 1299 297 1361 tionem,
338 1309 396 1350 ut
431 1299 672 1349 binarum
708 1297 913 1349 illarum
949 1297 1152 1360 virium,
1192 1297 1379 1366 quibus
1417 1297 1635 1368 singulae
1674 1298 1857 1349 Terrae
1893 1310 2067 1368 partes
2108 1300 2229 1352 cum

85 1387 153 1439 ad
192 1388 366 1439 Solem
401 1386 513 1439 tum
549 1386 616 1438 ad
660 1386 867 1439 Lunam
902 1383 1153 1455 perpetuo
1190 1395 1457 1456 urgentur,
1497 1386 1654 1456 idque
1679 1387 1733 1437 in
1759 1387 2117 1439 distantiarum
2143 1391 2225 1441 ra-

84 1478 224 1529 tione
250 1478 511 1547 reciproca
538 1470 814 1547 duplicata,
844 1495 996 1528 causa
1021 1476 1308 1546 assignetur
1332 1475 1563 1546 physica.
1630 1476 1715 1528 Ex
1741 1496 1845 1547 quo
1870 1480 2228 1531 tractationem

85 1577 316 1620 nostram
340 1570 637 1639 bipartitam
662 1588 773 1621 esse
797 1567 1070 1637 oportebit.
1149 1565 1328 1619 Primo
1355 1567 1549 1619 scilicet
1574 1585 1640 1619 ex
1669 1567 1938 1636 principiis
1963 1568 2228 1619 mechani-

86 1660 157 1711 cis
183 1659 406 1711 dilucide
423 1660 519 1711 erit
543 1659 939 1721 ostendendum,
972 1678 1002 1710 a
1026 1658 1161 1710 binis
1186 1657 1284 1709 illis
1310 1658 1504 1710 viribus
1535 1659 2040 1733 Solem‘Lunamque
2065 1661 2228 1729 respi-

84 1751 335 1804 cientibus
380 1749 498 1803 cum
540 1751 742 1802 fluxum
785 1767 847 1801 ac
890 1749 1147 1800 refluxum
1185 1748 1341 1799 maris
1379 1747 1665 1817 generatim
1684 1742 1685 1745 ¹
1705 1747 1830 1797 oriri
1873 1746 2079 1811 debere,
2116 1747 2230 1800 tum

85 1840 240 1892 etiam
276 1840 377 1892 1106
409 1839 566 1891 1110ᾶο
594 1839 798 1911 singula
833 1837 1179 1907 phaenomena
1203 1836 1443 1888 distincte
1471 1837 1717 1905 explicari
1742 1856 1926 1905 posse:
1966 1838 2064 1889 1136
2090 1840 2229 1890 enim

82 1940 232 1999 parte
258 1929 490 1982 absoluta
515 1929 717 1981 nullum
744 1928 998 1997 supererit
1030 1926 1263 1988 dubium,
1304 1926 1429 1995 quin
1456 1927 1603 1995 origo
1630 1924 1786 1977 aestsis
1811 1926 1969 1976 maris
1995 1926 2076 1978 his
2104 1928 2228 1996 ipsis

84 2021 294 2084 viribus,
335 2039 461 2090 quas
498 2029 615 2071 actu
645 2020 756 2088 jam
792 2018 847 2069 in
879 2017 1077 2070 mundo
1103 2017 1322 2068 existere
1349 2016 1636 2079 docuimus,
1677 2017 1941 2069 debeatur.
2017 2019 2228 2071 Deinde

83 2108 206 2161 vero
239 2108 427 2160 harum
463 2107 650 2159 virium
678 2125 832 2158 causa
854 2106 1071 2175 physica
1094 2105 1311 2156 indicari
1338 2105 1508 2168 debet,
1551 2106 1668 2157 cum
1708 2106 1760 2157 id
1791 2107 1855 2157 sit
1882 2107 2225 2176 praecipuum,

87 2199 230 2270 quod
266 2199 458 2269 inclyta
484 2199 769 2250 Academia
793 2198 1022 2268 requirit.
1099 2197 1260 2259 Quod
1286 2198 1495 2267 quidem
1521 2199 1587 2250 ad
1620 2199 1760 2249 illam
1797 2210 2000 2268 partem
2025 2202 2223 2264 attinet,

81 2289 137 2340 in
175 2290 283 2359 ejus
322 2288 664 2357 explicatione
699 2287 910 2339 minime
947 2288 1277 2350 haesitamus3
1316 2298 1367 2339 et
1393 2288 1686 2341 clarissimis
1713 2292 2109 2362 certissimisque
2137 2292 2228 2344 de-

24 2390 27 2393 ·
81 2378 543 2430 monstrationibus
570 2377 805 2430 evincere
828 2379 1150 2447 pollicemur,
1189 2396 1284 2446 per
1319 2378 1442 2435 istas
1468 2380 1601 2432 vires
1628 2382 1801 2432 omnia
1827 2382 2041 2434 omnino
2067 2383 2225 2435 aestus

35 2524 39 2527 ,
81 2470 238 2520 maris
261 2468 606 2538 phaenomena
637 2468 1013 2521 absolutissime
1051 2468 1299 2538 explicari
1335 2488 1518 2537 posse3
1558 2469 1657 2540 qua
1697 2472 1751 2521 in
1776 2490 1833 2523 re
1857 2473 1986 2523 nulli
2023 2473 2227 2525 dubita-

80 2552 210 2610 tioni
251 2560 388 2611 ullus
432 2559 738 2629 relinquitur
782 2560 944 2623 106115,
994 2557 1113 2611 cum
1159 2569 1266 2611 tota
1302 2559 1369 2610 ad
1412 2561 1748 2631 geometriam
1779 2570 1831 2613 et
1871 2561 2223 2616 mechanicam

82 2649 433 2702 sublimiorem
474 2650 744 2719 pertineat,
788 2651 1087 2721 calculoque
1129 2650 1385 2720 analytico
1431 2652 1495 2703 sit
1539 2652 1783 2721 subjecta.
1874 2653 2063 2706 Altera
2100 2654 2226 2707 vero

79 2759 217 2810 pars,
244 2741 300 2792 in
325 2742 591 2793 scientiam
614 2743 901 2794 naturalem
926 2744 1177 2812 imprimis
1202 2744 1487 2808 incurrens,
1514 2746 1698 2815 majori
1715 2747 2005 2817 difficultati
2023 2747 2226 2799 videtur

81 2830 322 2893 obnoxia,
352 2849 448 2882 nec
474 2839 630 2882 tantae
655 2831 926 2883 evidentiae
953 2849 1117 2900 capax
1131 2851 1145 2894 ;
1184 2830 1364 2883 verum
1389 2831 1508 2884 cum
1533 2823 1635 2885 ista
1652 2825 1736 2887 res
1762 2836 2034 2888 occasione
2059 2836 2224 2904 pluri-

80 2940 169 2972 um
196 2922 540 2992 quaestionum
566 2922 630 2973 ab
652 2922 933 2974 Academia
954 2922 1288 2975 celeberrima
1306 2925 1524 2977 antehac
1547 2927 1930 2996 propositarum
1949 2930 2059 2998 jam
2078 2938 2224 2981 tanto

9 3076 12 3080 Δ
77 3010 255 3063 'studio
280 3012 346 3064 sit
370 3012 675 3084 investigata
699 3021 853 3083 atque
880 3011 1130 3075 absoluta,
1159 3031 1274 3065 63111
1298 3032 1404 3066 11011
1430 3014 1619 3066 minori
1644 3016 1952 3069 certitudine
1977 3018 2224 3087 expedire

81 3103 405 3156 confidimus,
592 3162 595 3165 ,

151 3197 190 3259 §.
239 3199 322 3245 12.
386 3192 630 3263 Explosis
678 3195 781 3247 hoc
832 3195 1013 3247 saltem
1066 3204 1301 3264 tempore
1351 3198 1680 3268 qualitatibus
1729 3200 1943 3253 occultis
1962 3201 2222 3273 missaque

0 3288 13 3332 ι
62 3281 358 3354 Anglorum
401 3285 744 3353 quorumdam
787 3285 1030 3338 renovata
1073 3288 1392 3353 attractione,
1446 3310 1562 3360 quae
1606 3310 1724 3343 cum
1763 3288 1953 3345 saniori
1994 3293 2221 3363 philoso-

0 3390 25 3458 „4
61 3370 290 3439 ⁴phandi-
311 3372 473 3428 modo
509 3372 802 3426 nullatenus
842 3375 1121 3427 consistere
1157 3385 1343 3444 potest,
1384 3378 1616 3429 omnium
1652 3379 1838 3431 virium
1866 3398 1984 3451 quae
2011 3381 2222 3451 quidem

0 3400 37 3501 ἰ
79 3461 137 3535 in
164 3452 371 3539 ‚mundo
408 3463 762 3528 observantur,
803 3465 998 3535 duplex
1024 3467 1326 3519 statuendus
1353 3478 1430 3525 est
1453 3468 1567 3522 fons
1594 3480 1748 3541 atque
1773 3472 1938 3544 origo.
2015 3473 2221 3543 Nemp3

83 3548 203 3602 cum
240 3551 436 3603 viribus
472 3553 731 3605 tribuatur
766 3556 847 3607 vel
889 3555 1062 3630 motus
1100 3544 1368 3628 generatio
1396 3559 1493 3625 'vel
1530 3560 1838 3626 immutatiO,
1878 3564 1974 3616 iste
2008 3565 2220 3617 effectus

0 3635 47 3728 ξ
85 3657 291 3709 semper
316 3640 399 3692 vel
436 3641 502 3693 ab
527 3642 759 3695 allisione
785 3632 1079 3715 corporum,
1117 3647 1202 3700 vel
1231 3666 1262 3699 a
1295 3648 1347 3700 vi
1380 3649 1664 3722 centrifuga
1695 3653 2056 3721 proficiscitur,
2095 3674 2223 3725 qua-

0 3735 14 3792 {3
81 3747 198 3782 rum
224 3732 486 3784 actionum
512 3735 1000 3804 utraquefacultati,
1043 3736 1144 3808 qua
1171 3739 1347 3790 omnia
1372 3757 1591 3809 corpora
1622 3753 1742 3796 sunt
1769 3745 1991 3813 praedita
2026 3746 2079 3796 in
2119 3754 2222 3797 sta-

62 3826 140 3896 ‚tu
163 3839 258 3874 suo
280 3823 401 3892 ssiVe
438 3824 621 3895 quietis
660 3826 765 3879 sive
790 3828 961 3881 motfis
987 3830 1252 3900 aequabilis
1279 3830 1332 3883 in
1359 3831 1611 3886 directum
1643 3837 2027 3905 perseverandi,
2065 3836 2223 3889 debe-

143 3907 244 3949 vot.
270 3910 359 3950 111.
409 3948 413 3952 ,
1109 3918 1146 3956 Τ

3 4009 19 4022 ,ἡ
94 4008 97 4009 ⁷

10 4096 17 4112 ι

64 4146 87 4161 ῥ’.
112 4151 139 4160 «ι

85 4161 114 4172 :vl
