2528 4172
0 4084 28 4172 2371.stss
9 4058 13 4062 ·
2 3928 23 4001 ’ἦν’-’ἵ

111 313 295 365 Lmen
315 309 613 372 TERTIUS]
693 303 1099 357 PRINCIPIA
1140 297 1758 353 MATHEMATICA.
2175 305 2242 350 59

115 454 436 508 descendunt
471 452 526 501 in
561 448 831 501 latitudine
872 446 1110 507 Lutetiae,
1152 454 1228 496 est
1264 444 1332 495 ad
1369 444 1473 494 vim
1511 443 1852 512 centrifugam
1884 457 2162 509 corporum
2193 441 2248 492 in

112 553 373 614 aequatore
400 560 430 591 a
455 539 636 590 Terrae
661 547 806 587 motu
830 535 1019 585 diurno
1044 533 1334 594 oriundam,
1371 541 1428 582 ut
1454 537 1593 585 2174
1621 531 1688 581 ad
1716 536 1961 593 7‚54064.

186 633 280 684 Vis
307 629 593 699 centrisuga
629 644 905 695 corporum
942 625 995 674 in
1033 634 1294 693 aequatore
1332 623 1515 673 Terrae
1552 632 1629 673 est
1665 622 1732 672 ad
1759 622 1863 671 vim
1888 620 2245 692 centrifugam,

113 724 214 795 qua
254 739 474 789 corpora
511 717 701 769 directe
739 717 958 768 tendunt
994 734 1025 765 a
1059 713 1224 764 Terra
1251 714 1305 763 in
1330 712 1599 762 latitudine
1625 711 1851 762 Lutetiae
1875 711 2134 782 graduum
2160 719 2246 763 48.

115 815 215 865 50'.
255 814 364 873 10'',
405 810 465 879 (⁰)
492 810 547 860 in
573 806 832 876 duplicata
867 805 1067 856 ratione
1092 803 1223 854 radii
1259 802 1327 853 ad
1365 802 1536 852 sinum
1562 800 1926 868 complementi
1962 800 2247 853 latitudinis

114 903 267 963 illius,
306 887 361 950 id
397 908 489 961 est,
529 908 587 948 ut
614 902 840 958 7‚54064
868 893 935 944 ad
963 898 1138 955 3,267.
1214 889 1456 942 Addatur
1481 888 1595 939 haec
1619 889 1695 939 vis
1722 888 1789 938 ad
1814 889 1919 938 vim
1944 888 2043 957 quei
2070 891 2248 960 gravia

115 989 434 1045 descendunt
450 989 504 1040 in
515 985 788 1041 latitudine
806 982 892 1036 illa
915 982 1153 1045 Lutetiae,
1174 990 1225 1033 et
1244 997 1433 1049 corpus
1457 978 1511 1030 in
1537 977 1807 1030 latitudine
1825 976 1913 1031 illa
1932 979 1979 1030 vi
2001 980 2106 1033 tota
2126 1000 2250 1054 gra-

112 1085 281 1137 vitatis
307 1082 558 1144 cadendo,
594 1091 826 1148 tempore
863 1078 1048 1129 minuti
1073 1076 1223 1128 unius
1251 1074 1464 1126 secundi
1489 1074 1746 1126 describet
1770 1075 1932 1126 lineas
1961 1082 2244 1140 2177,267,

116 1193 207 1226 seu
241 1173 399 1241 pedes
441 1171 753 1222 Parisienses
797 1175 859 1221 15
899 1168 1003 1238 dig.
1036 1174 1081 1220 1.
1109 1176 1161 1218 et
1184 1166 1274 1217 lin.
1304 1170 1483 1219 5.267.
1560 1164 1631 1215 Et
1667 1165 1742 1216 vis
1768 1174 1876 1216 tota
1905 1166 2168 1236 gravitatis
2194 1167 2249 1217 in

113 1263 382 1316 latitudine
419 1261 505 1312 illa
545 1262 641 1312 erit
677 1259 744 1310 ad
780 1259 884 1308 vim
923 1256 1263 1328 centrifugam
1303 1272 1579 1323 corporum
1605 1255 1659 1305 in
1685 1264 1946 1325 aequatore
1974 1255 2155 1307 Terrae
2192 1265 2251 1306 ut

117 1357 381 1416 2177,267
411 1351 484 1403 ἃᾶ.
505 1357 732 1414 7,,54064·
761 1368 852 1401 seu
877 1354 980 1400 289
1007 1346 1070 1399 ἃᾶ
1104 1353 1149 1398 1.

113 1619 150 1643 v.
172 1617 228 1657 gr.
248 1603 280 1641 si
299 1605 427 1642 57226
445 1596 546 1639 hex.'
558 1606 743 1648 sumatur,
772 1598 843 1637 erit
861 1598 932 1636 iste
949 1598 1056 1636 sinus
1073 1609 1157 1636 ver-

114 1671 180 1696 sus
207 1657 394 1694 linearum
424 1659 459 1693 7.
485 1657 627 1699 56244,
658 1651 822 1702 ideoque
845 1652 901 1689 vis
921 1651 1000 1702 qua
1027 1652 1158 1702 gravia

117 1709 355 1749 descendunt
385 1708 427 1745 in
457 1706 661 1745 latitudine
695 1706 874 1751 Lutetiae,
908 1712 965 1743 est
996 1705 1046 1742 ad
1077 1704 1157 1741 vim

116 1764 374 1813 centrifugam
410 1772 614 1808 corporum
649 1760 690 1797 in
727 1759 917 1809 aequatore
952 1765 999 1796 ut
1035 1761 1152 1796 2175.

117 1820 271 1855 828958
291 1815 339 1852 ad
359 1817 395 1853 7.
420 1818 562 1852 56244.

170 1870 226 1921 (⁰)
254 1873 315 1905 81.
341 1870 362 1892 ²*
392 1870 443 1906 In
472 1864 666 1916 duplicat&
697 1866 842 1903 ratione
875 1866 984 1902 raclii.
1048 1864 1157 1907 Qua-

115 1922 231 1959 drans
259 1920 392 1959 circuli
426 1921 463 1957 A
497 1921 531 1957 E
563 1920 602 1957 D
631 1918 847 1956 revolvatur
876 1916 977 1955 circa.
1006 1917 1158 1954 radium

120 1976 159 2013 A
182 1976 228 2022 C,
248 1975 412 2013 ducatur
429 1973 559 2011 radius
580 1973 612 2011 C
632 1973 672 2010 D
692 1970 742 2008 ad
764 1973 801 2008 A
825 1972 857 2010 C
877 1969 1070 2016 normalis,
1099 1970 1157 2018 ip·-

123 2893 231 2945 sique
249 2893 431 2942 parallela
448 2901 585 2944 agatur
602 2891 776 2932 ordinata
796 2894 834 2932 E
850 2892 895 2939 F,
911 2895 982 2934 erit
1000 2893 1055 2933 vis
1074 2907 1164 2933 cen-

123 2947 267 2997 trifuga
293 2948 335 2984 in
370 2948 411 2985 D
441 2947 655 2984 secundum
685 2947 934 2984 directionem
963 2950 1003 2986 D
1027 2950 1059 2987 C
1085 2949 1164 2986 sive

127 3000 164 3037 E
187 2999 232 3045 F,
252 3000 302 3037 ad
320 2995 405 3037 virts
416 3000 670 3051 centrifugam
691 3000 731 3036 in
753 3001 790 3038 E
810 3001 1023 3040 secundum
1042 3001 1164 3039 direc-

125 3052 268 3090 tionem
291 3053 324 3091 C
346 3054 395 3098 E,
425 3053 465 3090 in
484 3054 630 3091 ratione
648 3053 843 3102 duplicata
859 3054 956 3091 radii
990 3055 1022 3093 C
1046 3055 1087 3092 D
1115 3054 1165 3091 ad

126 3105 338 3143 ordinatam
359 3106 394 3143 E
409 3107 439 3143 F
457 3120 546 3156 quae
564 3115 621 3144 est
639 3107 746 3144 sinus
765 3106 1034 3154 complementi
1055 3106 1166 3145 arcus

126 3170 196 3195 seu
256 3156 471 3194 latitudinis
504 3160 539 3196 E
564 3159 617 3197 D.
691 3160 895 3208 Exprimat
927 3161 1029 3198 enim
1068 3161 1108 3198 D
1142 3173 1166 3196 v

128 3210 204 3247 vim
237 3213 492 3263 centrifugam
524 3213 565 3249 in
601 3213 640 3250 D
671 3214 885 3251 secundum
915 3214 1165 3252 directionem

131 3263 172 3300 D
191 3262 236 3308 C,
258 3271 296 3301 et
313 3272 414 3303 recta
435 3266 470 3302 E
490 3278 525 3315 y,
547 3265 734 3315 exprimat
752 3266 830 3303 vim
849 3266 1103 3317 centrisugam
1124 3266 1166 3303 in

131 3315 169 3353 E
189 3316 401 3354 secundum
420 3318 667 3355 directionem
689 3319 726 3356 E
751 3319 795 3365 F,
825 3318 942 3357 ducta
960 3319 1166 3369 poependi-

129 3367 248 3405 culari
276 3381 301 3416 y
319 3382 344 3406 x
371 3369 420 3408 ad
445 3379 588 3409 rectam
616 3372 653 3409 E
678 3372 722 3417 C,
752 3373 939 3419 exprimet
973 3374 1009 3411 E
1031 3386 1067 3418 x,
1088 3373 1167 3409 vim

131 3421 386 3471 centrifugam
407 3423 448 3460 in
477 3424 529 3469 E,
559 3424 772 3462 secundum
791 3424 1039 3463 directionem
1071 3425 1107 3463 E
1128 3438 1165 3471 x,

130 3473 198 3511 sed
228 3481 295 3518 est,
334 3475 444 3513 Dv:
480 3476 643 3525 Ey=
673 3478 712 3514 D
742 3478 810 3516 C:
850 3478 944 3516 EF
978 3479 1089 3529 (Cor.
1125 3483 1161 3515 3.

134 3526 249 3574 Prop.
277 3527 350 3564 lv.
386 3527 472 3565 Lib.
499 3528 556 3577 Ι.)
586 3537 623 3567 et
649 3532 698 3567 ob
724 3530 919 3580 triangula
944 3530 1169 3581 rectangula

134 3578 320 3634 Exy‚E
345 3580 431 3618 FC
460 3580 610 3625 similia,
646 3583 763 3631 Ey:
796 3583 958 3620 Ex=
988 3584 1080 3622 EC
1107 3582 1169 3620 vel

136 3632 177 3670 D
201 3633 232 3670 C
262 3648 271 3670 ε
309 3633 345 3670 Ε
369 3633 413 3670 F.
476 3633 618 3680 Quare,
646 3636 913 3684 componendo
942 3637 982 3675 D
1003 3649 1055 3674 v:
1083 3636 1120 3674 E
1143 3648 1169 3673 x

132 3685 527 3731 ==Dc2,EF2.
555 3687 723 3730 Q.e.d.

152 3768 157 3776 ,
187 3740 209 3765 ⁸
233 3737 381 3779 Verum
410 3739 443 3776 si
469 3739 705 3778 meridianus
733 3740 864 3779 Terrae
886 3741 936 3781 sit
960 3742 1035 3781 alia
1055 3753 1171 3780 curva

1209 1593 1330 1649 quam
1356 1596 1523 1636 circulus
1548 1611 1584 1636 v.
1608 1608 1665 1648 gr.
1695 1597 1745 1636 sit
1771 1593 1926 1647 ellipsis,
1958 1598 2014 1635 vis
2038 1596 2254 1647 centrifuga

1210 1664 1413 1700 corporum
1441 1652 1483 1688 in
1508 1660 1700 1701 aequatore
1720 1652 1850 1689 Terrae
1869 1659 1926 1688 est
1943 1650 1993 1688 ad
2011 1652 2088 1687 vim
2115 1650 2255 1687 centri-

1210 1704 1346 1754 fugam
1365 1703 1443 1755 qua
1462 1717 1619 1753 corpora
1636 1704 2002 1753 perpendiculariter
2019 1717 2041 1741 a
2062 1702 2181 1740 Terra
2197 1715 2255 1739 re-

1212 1758 1354 1795 cedunt
1380 1759 1422 1794 in
1448 1758 1651 1795 latitudine
1679 1757 1777 1800 data,
1805 1758 1846 1794 in
1871 1758 2018 1794 ratione
2044 1754 2257 1804 composita

1214 1824 1260 1848 ex
1275 1811 1421 1848 ratione
1436 1811 1531 1848 radii
1545 1811 1593 1849 ad
1608 1811 1735 1849 sinum
1751 1810 2023 1858 complementi
2041 1808 2257 1846 latitudinis

1212 1864 1327 1909 illius,
1349 1872 1387 1901 et
1405 1877 1449 1901 ex
1470 1864 1616 1901 ratione
1634 1864 1731 1901 radii
1746 1863 1960 1912 aequatoris,
1977 1862 2025 1900 ad
2042 1862 2258 1899 ordinatam

1212 1915 1296 1967 ejus
1314 1916 1490 1965 ellipseos
1508 1917 1550 1954 in
1569 1915 1615 1955 ea
1641 1917 1844 1954 latitudine
1863 1914 1976 1963 datz'i3
2005 1916 2095 1954 hinc
2114 1927 2183 1963 pro
2202 1913 2257 1951 el—

1212 1970 1299 2018 lipsi
1328 1971 1426 2007 ratio
1458 1970 1514 2008 vis
1543 1970 1772 2020 centrifugae
1800 1970 1842 2006 in
1874 1977 2066 2019 aequatore
2097 1967 2147 2005 ad
2178 1968 2258 2003 vim

1213 2022 1470 2073 centrifugam
1499 2024 1540 2060 in
1568 2023 1772 2061 latitudine
1802 2021 1891 2060 data
1918 2023 2153 2070 exprimetur
2184 2022 2258 2057 hoc

1212 2076 1354 2113 modo:
1387 2077 1436 2113 sit
1454 2090 1493 2112 m
1512 2076 1595 2114 axis
1615 2078 1748 2126 major,
1773 2088 1800 2111 n
1820 2076 1900 2112 axis
1919 2077 2055 2118 minor,
2076 2087 2096 2111 r
2113 2073 2255 2118 radius,

1215 2140 1236 2166 c
1255 2130 1360 2166 sinus
1396 2130 1666 2177 complementi
1707 2128 1921 2165 latitudinis
1963 2128 2144 2178 quaesitae,
2188 2126 2259 2164 erit

1216 2182 1271 2219 vis
1309 2182 1349 2218 in
1382 2190 1573 2229 aequatore
1605 2182 1654 2219 ad
1687 2182 1763 2217 vim
1798 2182 1838 2217 in
1875 2180 1921 2218 ea
1962 2180 2176 2225 latitudine,
2213 2186 2260 2216 ut

1216 2259 1457 2307 mr4lm²
1498 2264 1538 2303 χ
1562 2248 2182 2307 r2-e34-n2e2adn2e2
2214 2254 2282 2288 ut'

1216 2310 1329 2348 facile
1361 2310 1573 2348 deducetur
1602 2322 1649 2346 ex
1678 2309 1854 2358 ellipseos
1887 2307 2051 2353 natur223
2085 2318 2203 2355 quare
2227 2305 2260 2342 si

1216 2363 1387 2413 fingatur
1404 2376 1445 2399 m
1463 2380 1518 2400 =
1533 2368 1611 2401 250
1631 2370 1670 2400 et
1687 2375 1713 2398 n
1725 2379 1780 2398 =
1796 2366 1872 2400 229
1887 2362 2000 2411 juxta
2022 2361 2260 2397 Newtonum

1217 2416 1435 2454 invenietur
1470 2416 1619 2455 calculo
1654 2429 1719 2453 eas
1753 2415 1852 2451 vires
1889 2427 1969 2451 esse
2008 2413 2109 2450 inter
2145 2425 2185 2449 se
2215 2419 2262 2449 ut

1219 2472 1393 2508 7.56244
1424 2469 1471 2508 ad
1505 2474 1692 2515 3.09660,
1723 2467 1887 2505 addatur
1915 2468 1998 2504 haec
2027 2467 2084 2503 vis
2108 2465 2157 2502 ad
2181 2465 2261 2501 vim

1218 2521 1298 2572 quii
1316 2523 1446 2572 gravia
1464 2522 1703 2560 descendunt
1721 2521 1761 2557 in
1782 2519 1985 2558 latitudine
2014 2520 2194 2563 Lutetiae,
2224 2525 2263 2554 et

1218 2576 1275 2612 vis
1302 2583 1381 2613 tota
1407 2576 1603 2626 gravitatis
1631 2576 1691 2627 (in
1714 2575 1822 2624 Hyp.
1847 2573 2069 2621 assumptis)
2096 2571 2265 2609 efficeret

1218 2636 1265 2666 ut
1300 2630 1430 2678 gravia
1465 2629 1637 2667 cadendo
1675 2628 1932 2665 describerent
1976 2627 2095 2663 lineas
2141 2629 2257 2662 2176.

1221 2686 1364 2720 92558.
1426 2683 1544 2720 Unde
1575 2682 1631 2719 vis
1659 2689 1740 2719 tota
1770 2678 1966 2731 gravitatis
1994 2679 2035 2715 in
2061 2676 2264 2715 latitudine

1221 2734 1391 2773 Lutetiae
1419 2735 1491 2773 erit
1520 2735 1570 2773 ad
1601 2735 1679 2772 vim
1708 2733 1964 2783 centrifugam
1989 2743 2192 2779 corporum
2222 2730 2264 2766 in

1220 2796 1411 2837 aequatore
1446 2789 1576 2827 Terrae
1606 2795 1653 2826 ut
1685 2791 1800 2827 2176.
1840 2789 1969 2826 92558
2008 2785 2059 2823 ἃᾶ
2092 2786 2265 2823 756244

1221 2840 1298 2879 sive
1317 2849 1362 2879 ut
1381 2845 1470 2881 287.
1494 2846 1545 2881 86
1564 2841 1613 2879 ad
1636 2845 1668 2879 1.

1278 2945 1381 2982 Haec
1395 2951 1523 2983 autem
1539 2943 1596 2981 vis
1608 2943 1804 2995 gravitatis
1816 2942 1858 2980 in
1875 2940 2080 2981 latitudine
2096 2939 2265 2978 Lutetiae

1224 3011 1305 3036 non
1335 3005 1392 3036 est
1414 2998 1471 3035 vis
1495 2998 1578 3046 ipsa
1603 2997 1798 3047 gravitatis
1823 2997 1862 3033 in
1888 3002 2090 3045 aequatore‚
2121 2993 2168 3030 de
2186 2991 2266 3043 qua.

1223 3052 1351 3101 agitur
1368 3051 1410 3088 in
1429 3050 1577 3101 reliqua
1594 3050 1666 3087 hac
1688 3049 1968 3098 Propositione,
1985 3047 2051 3084 sed
2069 3059 2205 3095 parum
2219 3048 2267 3085 ab

1224 3103 1271 3142 ea
1289 3104 1427 3150 differt,
1449 3104 1502 3141 ita
1521 3111 1564 3141 ut
1582 3103 1730 3141 calculo
1748 3102 1916 3152 quodam
1936 3100 2031 3137 inito
2050 3099 2267 3137 inveniatur

1222 3158 1328 3209 quod
1352 3159 1435 3195 haec
1453 3157 1509 3194 vis
1528 3156 1722 3206 gravitatis
1740 3155 1780 3191 in
1805 3153 2009 3191 latitudine
2030 3152 2199 3190 Lutetiae
2219 3152 2268 3190 sit

1226 3211 1276 3249 ad
1294 3210 1372 3247 vim
1391 3210 1587 3261 gravitatis
1605 3209 1645 3245 in
1661 3216 1852 3258 aequatore
1869 3203 2011 3257 (Terra
2025 3205 2268 3243 uniformiter

1226 3262 1346 3301 densa
1373 3256 1600 3312 supposita),
1626 3269 1671 3299 ut
1700 3265 1798 3298 1552
1824 3259 1873 3296 ad
1899 3263 1997 3297 1531
2029 3256 2193 3308 ide6que
2220 3259 2269 3297 sit

1227 3317 1284 3355 vis
1311 3317 1505 3368 gravitatis
1529 3316 1570 3352 in
1598 3321 1789 3364 aequatore
1807 3312 1856 3349 ad
1884 3311 1962 3362 vim
1981 3311 2064 3361 ejus
2082 3312 2268 3350 centrifu-

1228 3383 1320 3420 gam
1346 3378 1392 3407 ut
1409 3372 1554 3407 287.67
1575 3367 1624 3405 ἃᾶ
1649 3372 1679 3403 l.
1743 3366 1851 3410 Quas
1870 3364 2027 3414 quidem
2046 3365 2165 3402 varias
2185 3378 2267 3402 cor-

1228 3423 1428 3467 rectiones,
1458 3419 1724 3459 Newtonianis
1748 3418 1919 3455 numeris
1947 3417 2198 3467 adplicamuS,
2224 3425 2271 3455 ut

1229 3475 1320 3513 inde
1339 3476 1493 3525 liqueat,
1515 3473 1619 3523 quod
1637 3472 1812 3522 quamvis
1829 3471 1999 3508 numeris
2015 3478 2058 3508 ut
2077 3471 2129 3508 ita
2142 3471 2270 3508 dicam

1226 3528 1482 3566 mediocribus
1500 3528 1548 3563 sit
1567 3539 1659 3562 usus
1676 3525 1890 3562 Newtonus
1908 3531 1946 3562 et
1964 3537 2064 3572 saepe
2079 3537 2130 3561 ‘ex
2148 3525 2270 3574 hypo-

1228 3580 1326 3618 thesi
1356 3582 1488 3618 Terrae
1516 3578 1707 3627 sphaericae
1726 3577 1863 3623 ductis,
1892 3575 2028 3626 parum
2049 3577 2271 3614 mutationis

1231 3641 1361 3671 tamen
1388 3632 1616 3670 adfuturum
1644 3631 1704 3682 sit,
1734 3631 1803 3669 etsi
1832 3638 2078 3668 assumantur
2103 3630 2168 3667 alii
2195 3642 2270 3667 nu-

1229 3688 1327 3723 meri
1357 3685 1425 3736 qui
1458 3699 1506 3723 ex
1536 3683 1682 3722 veriore
1714 3685 1844 3723 Terrae
1878 3683 2005 3738 figura
2035 3683 2271 3721 deduceren-

1224 3747 1298 3778 tur.
