2528 4172
150 255 279 308 CAP.
303 254 436 320 IIL]
769 254 879 308 AD
918 253 1288 308 TERTIUM
1328 252 1658 306 LIBRUM.
2144 271 2289 304 xxxv

145 409 300 451 rectae
341 400 476 452 Solis
515 402 669 451 etiam
704 393 1027 469 aequabiliter
1051 399 1457 469 progrederetur
1481 399 1535 448 in
1561 406 1824 467 aequatore
1850 398 1915 448 ab
1942 397 2212 448 occidente
2237 398 2292 448 in

145 488 411 552 orientem,
441 488 550 540 dies
580 487 784 541 Solares
811 507 902 539 seu
927 487 1272 539 revolutiones
1295 487 1513 558 singulae
1530 487 1711 556 puncti
1732 487 1786 539 D
1809 506 1837 538 a
1858 486 2052 538 circulo
2077 486 2291 537 horario

147 578 198 630 T
224 577 266 629 Z
300 578 369 629 ad
407 576 647 639 eundem,
688 586 861 629 essent
886 575 1111 645 aequales
1138 586 1190 627 et
1214 585 1418 644 tempus
1447 593 1701 644 apparens
1728 595 1758 626 a
1784 575 1956 626 medio
1983 593 2089 626 non
2118 575 2294 627 differ-

143 675 237 717 ret.
318 665 422 717 Sed
460 662 580 716 cum
616 674 790 716 motus
827 664 1142 716 ascensionis
1180 673 1335 715 rectae
1362 663 1434 726 D,
1464 663 1788 733 inaequabilis
1815 664 1895 727 sit,
1935 663 2045 715 dies
2071 674 2124 715 et
2147 663 2294 715 horae

148 756 356 808 Solares
388 763 507 806 sunt
533 753 740 824 quoque
767 754 1065 823 inaequales.
1124 753 1200 805 At
1222 761 1475 822 punctum
1503 752 1585 815 Μ,
1614 753 1936 822 aequabiliter
1959 753 2296 824 progreditur

141 846 197 897 in
222 853 484 914 aequatore
521 844 587 895 ab
624 861 812 895 occasu
838 843 906 894 ad
931 852 1120 905 ortum,
1149 851 1202 893 et
1225 839 1345 893 ideo
1369 851 1541 892 motus
1567 841 1703 893 illius
1731 842 1977 893 constitui
2002 829 2173 911 potest
2196 860 2295 910 pro

140 931 382 986 mensura
417 932 665 1001 temporis
696 931 871 983 medii.
950 931 1136 1001 Itaque
1161 930 1437 1002 longitudo
1466 930 1600 983 Solis
1627 929 1798 981 media
1825 940 1876 977 ‘V‘
1927 950 1951 982 s
1971 931 2053 982 vel
2077 930 2296 1001 aequalis

141 1033 219 1076 est
262 1025 551 1077 ascensioni
588 1032 747 1076 rectae
784 1033 836 1071 ‘v‘
877 1023 933 1075 D
970 1023 1049 1075 vel
1086 1022 1145 1075 ea
1184 1023 1350 1091 major
1387 1032 1466 1074 est
1502 1032 1593 1073 aut
1618 1021 1805 1073 minor.
1881 1021 1946 1072 In
1970 1021 2146 1090 primo
2172 1039 2296 1073 casu

139 1114 488 1183 punctum.M
514 1115 760 1167 coincidit
785 1134 903 1167 cum
926 1123 1122 1183 puncto
1148 1113 1220 1176 D,
1249 1113 1308 1164 in
1333 1112 1564 1164 secundo
1590 1132 1711 1164 casu
1738 1122 1815 1164 est
1839 1110 1976 1164 ultra
2000 1113 2073 1176 D,
2114 1110 2296 1165 versus

140 1204 394 1256 orientem
433 1214 484 1256 et
520 1204 576 1255 in
612 1204 768 1256 tertio
805 1221 927 1256 casu
966 1212 1044 1256 est
1080 1200 1210 1254 citra
1247 1203 1320 1265 D,
1366 1199 1545 1253 versus
1595 1201 1935 1253 occidentem.
2014 1201 2296 1271 Temporis

145 1291 369 1344 absoluti
403 1301 728 1344 momentum
764 1311 868 1363 quo
902 1281 1158 1361 punctum
1186 1290 1267 1353 M,
1298 1290 1543 1342 coincidit
1579 1307 1698 1341 cum
1734 1300 1932 1359 puncto
1958 1290 2031 1353 D,
2061 1299 2297 1342 sumatur

141 1389 390 1449 tanquam
425 1380 740 1449 principium
766 1400 798 1432 a
822 1399 929 1450 quo
953 1389 1163 1448 tempus
1196 1396 1453 1448 apparens
1479 1389 1530 1429 et
1555 1388 1760 1446 tempus
1785 1377 2018 1429 medium
2042 1378 2298 1448 incipiunt

146 1471 437 1539 computari
461 1480 514 1522 et
539 1490 643 1542 quo
670 1470 822 1533 simul
848 1471 1182 1532 coincidunt3
1221 1479 1273 1521 et
1297 1470 1351 1520 in
1377 1469 1489 1521 aliis
1514 1469 1717 1521 casibus
1744 1480 1948 1538 tempus
1975 1487 2233 1539 apparens
2261 1489 2293 1521 a

144 1561 319 1613 medio
344 1562 547 1615 differet
570 1582 670 1632 pro
695 1563 979 1633 quantitate
1006 1560 1155 1615 arcus
1195 1561 1261 1613 M
1286 1561 1342 1613 D
1368 1561 1423 1612 in
1448 1570 1654 1630 tempus
1680 1560 1847 1612 solare
1872 1560 2110 1612 conversi
2150 1561 2297 1629 (16);

144 1649 284 1702 Nam
309 1651 437 1703 dum
460 1662 716 1721 punctum
741 1653 814 1715 D,
844 1662 922 1704 est
948 1652 1045 1704 sub
1070 1650 1359 1703 meridiano
1399 1650 1450 1702 T
1479 1650 1538 1712 Z,
1577 1647 1708 1701 hora
1757 1647 1843 1700 12³
1882 1658 2218 1718 computatur
2242 1650 2298 1701 in

139 1739 257 1791 loco
291 1741 436 1810 cujus
473 1741 792 1794 meridianus
826 1750 904 1793 est
942 1741 994 1793 T
1030 1741 1090 1805 Z,
1127 1750 1179 1793 et
1207 1740 1298 1792 ubi
1333 1748 1589 1809 punctum
1629 1738 1696 1791 M
1729 1738 1886 1790 distat
1918 1759 1949 1791 a
1984 1749 2184 1809 puncto
2221 1740 2296 1804 D,

141 1849 291 1884 arcus
315 1831 377 1883 M
398 1832 472 1895 D,
499 1832 555 1883 in
579 1842 784 1901 tempus
811 1832 978 1885 solare
1004 1850 1301 1895 conversuS,
1330 1831 1474 1883 dabit
1493 1831 1839 1884 differentiam
1864 1832 2001 1884 inter
2024 1831 2299 1885 meridiem

141 1932 477 1992 apparentem
503 1933 554 1975 et
577 1923 851 1975 meridiem
874 1923 1108 1975 medium
1135 1921 1225 1993 qui
1249 1921 1516 1993 contingit·
1530 1920 1741 1992 quando
1765 1932 2022 1991 punctum
2050 1921 2116 1974 M
2142 1932 2220 1975 est
2244 1922 2299 1974 in

144 2013 434 2065 meridiano
461 2014 514 2065 T
541 2014 599 2066 Z.

217 2109 303 2154 46.
350 2100 533 2172 Itaque
574 2111 779 2172 tempus
819 2103 1053 2154 medium
1091 2104 1146 2153 in
1188 2120 1444 2172 apparens
1490 2103 1563 2154 sic
1612 2103 1947 2156 convertitur.
2027 2102 2301 2165 Quaeritur

141 2191 418 2263 longitudo
458 2192 593 2245 Solis
630 2202 743 2244 tum
768 2193 957 2255 media,
996 2202 1110 2244 tum
1134 2210 1258 2243 vera
1282 2191 1506 2260 tempori
1532 2191 1654 2243 dato
1679 2191 2001 2261 respondens
2030 2192 2148 2262 (44)
2176 2190 2299 2244 inde

145 2282 343 2334 eruitur
366 2282 709 2354 longitudinis
734 2302 872 2335 verae
898 2284 1132 2335 ascensio
1151 2293 1293 2335 recta
1314 2283 1445 2351 (14),
1469 2282 1512 2334 si
1536 2282 1651 2334 haec
1675 2285 1841 2352 major
1867 2294 1943 2337 est
1967 2283 2139 2336 media
2163 2284 2299 2338 Solis

143 2371 487 2442 longitudine,
517 2371 808 2424 differentia
832 2372 887 2423 in
912 2382 1117 2441 tempus
1145 2371 1312 2423 solare
1349 2390 1599 2423 conversa
1623 2372 1944 2425 subtrahitur
1973 2392 2040 2425 ex
2064 2383 2301 2444 tempore

141 2459 315 2511 medio
359 2469 417 2512 ut
453 2460 546 2513 fiat
581 2470 864 2530 apparens„
896 2461 1106 2513 additur
1143 2461 1188 2512 si
1222 2461 1394 2512 minor
1428 2470 1521 2512 est.
1600 2461 1677 2513 At
1709 2472 1915 2531 tempus
1953 2482 2211 2533 apparens
2245 2465 2300 2516 in

141 2548 373 2600 medIum·
409 2547 482 2601 ita
517 2559 775 2602 mutatur.·
840 2549 1076 2619 Tempus
1103 2568 1360 2619 apparens
1390 2560 1639 2621 tanquam
1662 2551 1895 2603 medium
1921 2554 2296 2618 consideratur,

144 2647 197 2690 et
232 2637 511 2707 inquiritur
546 2657 646 2707 pro
684 2638 808 2690 dato
837 2649 1076 2707 tempore
1111 2639 1387 2710 longitudo
1417 2640 1552 2692 Solis
1578 2637 1690 2692 tum
1715 2641 1903 2705 media,
1932 2653 2044 2694 tum
2070 2663 2208 2707 vera,
2249 2656 2299 2696 et

142 2725 265 2778 inde
291 2728 488 2779 eruitur
512 2728 852 2799 longitudinis
881 2748 1017 2780 verae
1042 2729 1276 2780 ascensio
1302 2738 1443 2781 recta
1457 2749 1472 2791 3
1512 2730 1554 2781 si
1579 2730 1694 2782 haec
1712 2731 1938 2783 mediam
1969 2733 2104 2785 Solis
2129 2733 2298 2805 longi-

143 2818 377 2870 tudinem
411 2830 637 2888 superat,
678 2819 971 2871 differentia
1008 2819 1063 2870 in
1099 2829 1306 2889 tempus
1346 2820 1513 2871 solare
1546 2838 1795 2873 conversa
1831 2822 2042 2874 additur
2074 2824 2297 2893 tempori

144 2907 414 2975 apparenti
438 2916 496 2958 ut
521 2907 613 2958 fiat
636 2907 883 2959 medium.
940 2907 996 2959 Si
1022 2905 1146 2958 vero
1170 2907 1510 2978 longitudinis
1537 2927 1673 2960 verae
1699 2910 1932 2961 ascensio
1958 2922 2100 2962 recta
2127 2912 2298 2963 minor

143 3007 221 3049 est
252 2997 422 3049 media
461 2998 597 3051 Solis
626 2997 971 3069 longitudine,
1009 2997 1302 3049 differentia
1328 2998 1382 3048 in
1409 3008 1614 3068 tempus
1642 3000 1809 3052 solare
1836 3019 2086 3052 conversa
2111 3021 2142 3052 a
2167 3013 2296 3053 tem-

143 3103 271 3155 pore
305 3098 585 3157 apparente
626 3088 947 3140 subducitur.
1026 3087 1188 3149 Quod
1222 3089 1264 3140 si
1299 3089 1473 3141 media
1510 3090 1644 3143 Solis
1677 3090 1951 3162 longitudo
1982 3092 2195 3161 aequalis
2231 3094 2296 3145 sit

146 3178 430 3230 ascensioni
456 3188 611 3230 rectae
635 3179 977 3250 longitudinis
1003 3198 1156 3242 verae,
1197 3190 1402 3249 tempus
1429 3200 1684 3251 apparens
1710 3183 1950 3253 congruit
1976 3202 2094 3234 cum
2119 3184 2293 3236 medio

145 3265 387 3337 nullaque
429 3277 548 3339 eget
591 3268 897 3338 aequatione.
978 3267 1117 3320 Haec
1162 3271 1338 3321 omnia
1373 3289 1440 3322 ex
1482 3270 1642 3322 modo
1686 3272 1835 3322 dictis
1875 3272 1988 3341 (46)
2023 3273 2294 3325 manifesta

148 3365 299 3418 sunt3
338 3357 381 3408 si
406 3359 543 3410 enim
566 3364 821 3431 punctum
846 3358 903 3411 D
931 3368 1008 3411 est
1032 3359 1331 3411 orientalius
1355 3371 1553 3429 puncto
1582 3361 1662 3423 M,
1681 3337 1791 3412 ‘hoc
1817 3360 1966 3413 citius
1993 3362 2059 3414 ad
2083 3363 2293 3414 meridi-

148 3462 307 3495 anum
334 3444 385 3498 T
406 3445 463 3508 Z,
490 3447 727 3515 pervenit
751 3445 907 3516 quam
932 3446 1080 3510 illud,
1111 3466 1171 3499 ac
1195 3449 1419 3517 proinde
1443 3448 1574 3500 hora
1603 3455 1689 3500 12ει
1708 3451 1955 3519 temporis
1974 3451 2132 3503 medii
2152 3471 2292 3504 com-

146 3540 373 3602 putatur,
420 3530 538 3583 cum
578 3534 813 3586 nondum
853 3543 930 3586 est
965 3535 1208 3586 meridies
1246 3537 1496 3605 temporis
1533 3539 1845 3605 apparentis,
1886 3549 1938 3590 et
1972 3540 2293 3592 contrarium

149 3619 417 3690 contingit,
461 3620 503 3670 si
543 3631 796 3707 punctum
835 3623 892 3675 D
934 3633 1135 3692 puncto
1175 3623 1240 3675 M
1277 3623 1434 3675 fuerit
1472 3625 1856 3678 occidentalius.
1935 3627 2044 3680 Ubi
2087 3639 2292 3698 tempus

151 3727 406 3779 apparens
432 3709 484 3760 in
511 3709 742 3762 medium
767 3722 975 3781 oportet
1000 3713 1249 3775 converti,
1278 3722 1512 3783 tempore
1531 3727 1810 3786 apparente
1829 3717 2021 3770 utimur
2046 3730 2291 3791 tanquam

1172 3807 1204 3845 C
1234 3812 1259 3844 2
