2528 4172
288 315 357 361 22
807 308 1373 364 PHILOSOPHIAE
1414 309 1863 365 NATURALIS
1936 311 2054 376 [DE
2076 311 2239 365 Mus.
2264 314 2415 367 SYsr.

287 452 356 504 ad
380 451 706 520 superficiem
732 451 916 502 Terrae
940 455 1103 521 major
1130 454 1194 505 sit
1217 453 1449 521 partibus
1477 463 1545 506 60
1575 468 1616 510 ><
1649 463 1718 508 60
1745 452 1898 524 quam
1932 454 1999 505 ad
2031 446 2417 517 Lunam3¹cor-

284 561 384 611 pus
408 543 460 592 vi
485 540 571 592 illa
597 541 652 591 in
677 541 976 610 regionibus
1003 542 1190 592 nostris
1216 542 1466 604 cadendo,
1497 538 1785 594 describere
1812 542 2021 594 deberet
2046 543 2211 610 spatio
2235 542 2419 593 minuti
2467 543 2471 547 ⁷

285 631 441 682 unius
477 629 633 698 primi
669 628 828 697 pedes
870 629 1183 680 Parisienses
1222 638 1289 682 60
1320 644 1360 686 ><
1394 638 1461 682 60
1490 645 1532 687 ><
1570 634 1715 701 155¹?
1757 640 1807 681 et
1844 630 2009 699 spatio
2047 631 2232 680 minuti
2268 631 2419 682 unius

286 717 499 770 secundi
530 715 689 785 pedes
734 717 883 779 15513,
922 716 1003 766 vel
1040 717 1201 786 magis
1229 717 1464 769 accurate
1490 718 1648 786 pedes
1682 724 1762 769 15.
1791 717 1894 787 dig.
1926 724 1971 768 1.
2000 726 2051 768 et
2075 717 2162 768 lin.
2194 718 2273 787 13.
2349 718 2420 773 Et

286 804 470 857 eadem
507 804 559 854 vi
594 804 773 874 gravia
810 803 989 854 revera
1016 803 1334 856 descendunt
1357 806 1412 856 in
1438 806 1674 858 Terram.
1753 806 1890 857 Nam
1914 806 2143 874 penduli,
2171 807 2225 856 in
2250 807 2419 858 latitu-

286 895 407 946 dine
434 894 661 945 Lutetiae
688 893 1007 944 Parisiorum
1033 893 1099 944 ad
1126 894 1328 964 singula
1353 896 1552 946 minuta
1577 895 1801 946 secunda
1826 895 2119 957 oscillantis,
2147 895 2420 965 longitudo

286 995 363 1037 est
399 984 594 1052 pedum
630 984 788 1035 trium
828 983 1196 1035 Parisiensium
1234 995 1285 1036 et
1319 986 1572 1036 linearum
1604 989 1689 1051 83,
1717 995 1777 1037 ut
1808 987 2097 1037 observavit
2124 987 2419 1057 Hugenius.

287 1074 341 1143 (¹)
367 1074 437 1124 Et
463 1072 699 1134 altitudo,
728 1091 884 1141 quam
910 1091 1067 1142 grave
1094 1082 1327 1141 tempore
1352 1074 1536 1125 minuti
1560 1075 1712 1125 unius
1738 1075 1949 1126 secundi
1974 1075 2205 1127 cadendo
2231 1076 2421 1127 descri-

284 1164 378 1226 bit,
408 1176 486 1214 est
512 1163 579 1213 ad
605 1161 872 1212 dimidiam
908 1162 1286 1233 longitudinem
1322 1164 1536 1232 penduli
1560 1164 1711 1233 hujus
1736 1165 1790 1214 in
1816 1164 2074 1233 duplicata
2101 1167 2299 1219 ratione
2325 1167 2422 1217 cir-

285 1253 640 1306 cumferentiae
682 1252 862 1303 circuli
906 1253 973 1304 ad
1016 1253 1325 1305 diametrum
1367 1256 1475 1323 ejus
1521 1258 1600 1323 (ut
1642 1255 1886 1307 indicavit
1929 1257 2081 1307 etiam
2121 1257 2420 1327 Hugenius)

287 1344 364 1411 (ΥΠ)
393 1342 615 1410 ideoque
642 1350 718 1390 est
741 1340 936 1409 pedum
965 1341 1333 1392 Parisiensium
1362 1349 1442 1394 15.
1471 1342 1580 1412 dig.
1610 1347 1653 1393 1.
1680 1343 1769 1394 lin.
1801 1346 1879 1409 175.
1957 1344 2028 1395 Et
2050 1355 2324 1412 propterea
2348 1345 2424 1395 vis

285 1432 389 1500 qua
428 1431 583 1480 Luna
619 1429 674 1478 in
713 1428 839 1478 orbe
876 1446 972 1479 suo
1012 1430 1277 1491 retinetur,
1317 1429 1359 1480 si
1396 1430 1739 1483 descendatur
1772 1431 1826 1481 in
1864 1431 2189 1499 superficiem
2222 1432 2422 1495 Terrae,

285 1520 496 1589 aequalis
536 1518 706 1569 evadit
743 1519 794 1568 vi
830 1520 1095 1588 gravitatis
1137 1519 1279 1588 apud
1317 1538 1429 1582 nos,
1468 1520 1689 1589 ideoque
1725 1523 1840 1588 (per
1887 1521 2018 1590 Reg.
2053 1528 2097 1571 1.
2126 1531 2176 1571 et
2206 1522 2309 1585 11.)
2349 1532 2426 1574 est

285 1610 376 1660 illa
400 1609 514 1676 ipsa
538 1609 613 1658 vis
642 1627 796 1677 quam
821 1627 916 1659 nos
942 1610 1247 1678 gravitatem
1272 1609 1444 1660 dicere
1470 1608 1707 1659 solemus.
1784 1608 1922 1659 Nam
1949 1609 1990 1660 si
2026 1610 2247 1679 gravitas
2274 1610 2340 1660 ab
2365 1611 2425 1662 ea

288 1700 493 1750 diversa
530 1707 679 1759 esset,
723 1716 943 1765 corpora
978 1698 1172 1749 viribus
1199 1700 1431 1768 utrisque
1457 1699 1741 1767 conjunctis
1771 1699 1990 1750 Terram
2014 1699 2239 1767 petendo
2265 1699 2426 1768 duplo

285 1789 516 1841 velocius
555 1787 946 1849 descenderent,
989 1798 1045 1839 et
1082 1789 1247 1856 spatio
1283 1787 1469 1838 minuti
1493 1788 1646 1838 unius
1673 1787 1886 1839 secundi
1911 1787 2145 1838 cadendo
2170 1788 2427 1840 describe-

285 1889 405 1931 rent
427 1879 587 1947 pedes
616 1879 931 1929 Parisienses
961 1887 1094 1949 30-415:
1136 1878 1347 1929 omnino
1375 1888 1553 1930 contra
1579 1879 1961 1947 experientiam.

363 1969 427 2037 (¹²)
471 1967 714 2019 Calculus
751 1967 838 2017 hic
874 1966 1119 2018 fundatur
1156 1968 1210 2017 in
1246 1966 1521 2036 hypothesi
1548 1966 1688 2035 quod
1715 1966 1883 2018 Terra
1909 1968 2139 2037 quiescit.
2217 1968 2356 2019 Nam
2383 1968 2427 2018 si

290 2056 460 2108 Terra
486 2065 536 2106 et
562 2055 717 2105 Luna
753 2065 1058 2106 moveantur
1094 2054 1289 2106 circum
1318 2053 1508 2116 Solem,
1537 2063 1589 2104 et
1612 2054 1806 2105 interea
1833 2072 2037 2124 quoque
2064 2055 2258 2106 circum
2285 2073 2424 2106 com-

345 2207 393 2259 (1)
415 2210 437 2232 '¹‘
461 2209 516 2246 Et
533 2209 701 2246 altitudo.
728 2209 836 2258 (471.
862 2208 951 2246 Lib.
978 2209 1037 2258 I.)

344 2260 412 2311 (¹¹¹)
435 2263 456 2284 ³¹⁵
478 2261 642 2311 Ide6que
659 2268 713 2299 est
728 2264 814 2310 ped.
841 2264 963 2300 Paris.
990 2262 1124 2314 (ibid.)

343 2313 402 2365 (¹¹)
424 2318 487 2351 64.
512 2317 534 2337 *
559 2316 735 2353 Calculus
761 2316 1042 2365 hicfundatur
1070 2319 1113 2354 in
1144 2319 1330 2367 hypothesi

290 2370 389 2417 quod
433 2369 553 2404 Terra
590 2369 756 2417 quiescit.
835 2372 855 2391 *
899 2368 1117 2406 Undecima
1157 2370 1332 2408 Sectione

292 2420 403 2457 Libri
424 2419 459 2456 I.
482 2419 658 2468 quaesivit
686 2420 905 2457 Newtonus
931 2422 1055 2470 qualis
1074 2422 1237 2461 oriretur
1256 2422 1330 2460 dif-

288 2471 455 2510 ferentia
497 2472 598 2509 inter
645 2479 774 2509 motus
821 2485 1025 2521 corporum
1069 2482 1328 2520 attractorum,

291 2524 446 2575 quando
464 2531 544 2562 tota
558 2524 613 2561 vis
627 2524 697 2561 uni
708 2525 869 2562 immoto
881 2526 1072 2573 tribuitur,
1094 2535 1162 2565 aut
1175 2527 1331 2577 quando

294 2579 412 2630 (sicut
447 2590 506 2615 res
541 2590 581 2615 se
617 2577 748 2626 habet)
786 2578 1009 2616 attractione
1045 2580 1185 2617 mutua
1212 2581 1253 2617 in
1289 2593 1331 2618 se

292 2638 427 2681 agunt,
456 2638 494 2667 et
512 2629 787 2668 demonstravit
810 2631 1078 2679 Propositione
1098 2633 1270 2671 LVIII.
1292 2641 1330 2671 et

262 2687 267 2693 ‘
293 2684 418 2722 LIX.
482 2683 601 2727 Quod
619 2683 649 2719 si
675 2696 696 2720 e
723 2683 876 2721 duobus
894 2686 1114 2731 corporibus
1133 2699 1172 2723 se
1190 2694 1329 2724 mutuo

292 2737 571 2775 attrahentibus
598 2743 636 2774 et
661 2736 762 2774 circa
789 2748 994 2774 commune
1021 2739 1214 2789 gravitatis
1239 2752 1328 2776 cen-

293 2798 400 2828 trum
424 2790 575 2838 ellipses
602 2789 746 2827 similes
764 2789 1080 2837 describentibus,
1099 2792 1328 2829 alterutrum

293 2843 342 2880 sit
369 2851 497 2880 nostra
524 2842 643 2886 sedes,
673 2842 726 2879 ita
753 2850 798 2879 ut
822 2851 973 2880 motum
992 2851 1117 2882 totum
1135 2844 1243 2882 alteri
1263 2845 1328 2882 tri-

292 2898 460 2934 buamus
477 2894 581 2944 quod
609 2895 708 2932 circa
725 2907 796 2933 nos
814 2895 978 2944 ellipsim
997 2896 1207 2935 describere
1225 2898 1329 2935 vide-

293 2957 424 2996 retur3
453 2948 552 2985 illud
571 2947 706 2985 eadem
725 2948 763 2984 vi
782 2949 992 2996 centripeta
1019 2950 1195 2988 eamdem
1216 2951 1328 2999 ellip-

294 3002 367 3039 sim
387 3002 487 3039 circa
504 3014 585 3046 nos,
606 3001 637 3038 si
655 3001 807 3039 immoti
825 3001 957 3038 revera
972 3002 1152 3047 foremus,
1177 3003 1331 3041 nonnisi

294 3055 460 3105 longiori
487 3062 659 3102 tempore
686 3053 922 3096 describeret,
950 3055 1003 3092 ita
1020 3064 1064 3093 ut
1083 3064 1235 3105 tempus
1252 3069 1331 3107 quo

296 3107 435 3146 mutua
462 3107 611 3145 actione
637 3106 833 3157 gravitatis
852 3107 951 3144 circa
970 3121 1038 3145 nos
1056 3118 1171 3147 motos
1188 3109 1331 3148 revolvi

297 3160 497 3206 videretur,
519 3160 618 3198 foret
635 3161 684 3198 ad
698 3168 850 3208 ternpus
864 3173 940 3209 quo
954 3161 1054 3199 circa
1068 3175 1136 3199 nos
1154 3165 1329 3204 immotos

297 3214 563 3259 revolveretur,
600 3213 643 3249 in
677 3212 824 3250 ratione
861 3213 1129 3262 subduplicata
1164 3218 1332 3264 corporis

298 3267 474 3304 centralis
491 3266 643 3303 immoti
665 3265 715 3303 ad
733 3278 925 3303 summam
943 3266 1110 3305 duorum
1129 3281 1331 3317 corporum

297 3319 600 3366 revolventium;
629 3318 747 3364 unde,
775 3326 956 3357 manente
980 3319 1115 3358 eadem
1139 3321 1334 3372 gravitatis

298 3371 398 3421 lege,
419 3372 562 3419 ellipsis
580 3385 666 3421 quae
683 3371 959 3410 describeretur
976 3373 1075 3411 circa
1103 3387 1171 3411 nos
1198 3377 1331 3414 immo-

302 3432 356 3463 tos
383 3424 517 3461 eodem
546 3432 717 3472 tempore
736 3437 814 3475 quo
832 3425 1058 3463 describitur
1076 3427 1218 3475 ellipsis
1235 3428 1334 3465 rela-

299 3477 378 3515 tiva
394 3476 495 3514 circa
512 3489 582 3514 nos
599 3485 725 3519 motos,
743 3478 871 3515 minor
888 3477 987 3516 foret
1005 3478 1122 3529 quam
1134 3492 1178 3517 ea
1192 3480 1334 3529 ellipsis

299 3529 467 3574 relativa,
488 3537 527 3567 et
544 3530 639 3566 ratio
658 3530 789 3568 axium
808 3531 1023 3569 invenietur
1041 3533 1214 3576 dicendo,
1240 3547 1335 3583 quae

300 3583 454 3620 dratum
485 3582 667 3630 temporis
697 3595 775 3632 quo
806 3584 889 3621 haec
921 3585 1063 3633 ellipsis
1095 3586 1332 3632 describitur,

301 3636 380 3673 sive
407 3637 471 3687 (ex
496 3635 626 3683 Hyp.)
654 3635 887 3684 quadratum
905 3639 1087 3687 temporis
1106 3651 1183 3689 quo
1202 3640 1340 3678 descri-

1382 2206 1578 2245 semi·axis
1605 2206 1781 2256 ellipseos
1806 2207 1968 2245 minoris
1993 2206 2192 2255 descriptae
2213 2207 2314 2245 circa
2339 2218 2423 2245 cor-

1381 2273 1457 2309 pus
1483 2261 1690 2298 immotum
1718 2261 1768 2299 ad
1797 2263 1942 2298 cubum
1963 2260 2161 2298 semi-axis
2180 2260 2321 2308 ellipsis
2339 2273 2422 2297 ma-

1382 2313 1477 2363 joris
1501 2313 1699 2361 descriptae
1720 2314 1820 2351 circa
1842 2326 1979 2361 corpus
2003 2313 2118 2351 etiam
2136 2312 2355 2357 immotum,
2385 2319 2424 2350 et

1388 2378 1474 2415 quae
1492 2365 1616 2414 ellipsi
1633 2366 1800 2403 relativae
1818 2373 1875 2403 est
1893 2365 2059 2416 aequalis,
2081 2365 2149 2403 sed
2167 2365 2233 2403 illa
2250 2373 2423 2413 tempora

1388 2425 1497 2455 erant
1531 2419 1572 2454 in
1608 2418 1874 2467 subduplicatii
1904 2418 2050 2456 ratione
2085 2431 2220 2455 massae
2255 2418 2424 2466 corporis

1387 2470 1539 2508 immoti
1565 2470 1615 2508 ad
1641 2484 1834 2509 summam
1861 2484 2072 2509 massarum
2100 2470 2267 2508 duorum
2286 2483 2420 2520 corpo-

1386 2536 1486 2568 rum,
1520 2536 1623 2573 ergo,
1653 2531 1698 2561 ut
1723 2537 1847 2561 massa
1873 2524 2040 2573 corporis
2066 2524 2216 2561 immoti
2240 2524 2290 2561 ad
2314 2537 2421 2562 sum-

1385 2588 1491 2613 mam
1522 2589 1732 2614 massarum
1766 2577 1934 2614 duorum
1964 2589 2179 2625 corporum,
2213 2576 2267 2614 sic
2298 2579 2422 2615 cubus

1386 2628 1583 2667 semi-axis
1610 2629 1784 2677 ellipseos
1809 2630 1967 2667 minoris
1993 2629 2191 2678 descriptae
2218 2629 2319 2668 circa
2338 2642 2421 2667 cor·-

1385 2694 1459 2730 pus
1485 2682 1693 2722 immotum
1719 2681 1769 2720 ad
1795 2685 1939 2720 cubum
1964 2682 2161 2720 semi-axis
2179 2682 2321 2730 ellipsis
2338 2695 2420 2720 ma-

1379 2733 1477 2784 joris
1502 2734 1632 2772 revera
1659 2734 1883 2784 descriptae3
1912 2736 2002 2774 hinc
2030 2734 2120 2774 cum
2146 2736 2329 2772 hactenus
2347 2735 2420 2772 im-

1384 2794 1531 2824 motam
1546 2787 1704 2826 Terram
1723 2788 2035 2837 supposuerimus
2051 2789 2284 2837 Lunamque
2299 2787 2420 2825 revol-

1385 2847 1539 2877 ventem
1557 2848 1728 2890 tempore
1746 2854 1824 2890 quo
1846 2841 1976 2879 revera
1999 2841 2215 2885 revolvitur,
2243 2849 2281 2878 et
2305 2841 2419 2877 semi-

1385 2905 1497 2930 axem
1516 2893 1647 2931 orbitae
1671 2893 1816 2931 lunaris
1836 2899 1887 2933 60
1903 2894 2291 2932 semi-diametrorum
2322 2894 2358 2930 T
2360 2906 2419 2930 cr-

1384 2957 1438 2982 rae
1455 2945 1758 2993 assumserimus‚
1771 2946 1893 2997 sitque
1904 2960 2028 2984 massa
2043 2947 2172 2984 Terrae
2189 2945 2239 2983 ad
2255 2958 2421 2982 massam

1387 2998 1515 3036 Lunae
1532 3006 1577 3036 ut
1596 3003 1658 3036 42.
1682 2999 1732 3037 ad
1755 3004 1787 3037 1.
1811 3001 1883 3037 erit
1900 3004 1964 3037 42.
1986 2999 2037 3037 ad
2062 3004 2123 3036 43.
2147 3006 2192 3036 ut
2209 3000 2332 3036 cubus
2350 3003 2414 3036 60.

1385 3049 1436 3088 ad
1463 3052 1606 3089 cubum
1634 3052 1862 3101 semi-axeos
1881 3052 1963 3103 ejus
1989 3051 2170 3101 ellipseos.
2181 3063 2299 3100 quam
2320 3053 2419 3102 (ma-

1387 3112 1505 3142 nente
1531 3104 1664 3142 eadem
1692 3104 1888 3154 gravitatis
1911 3105 1996 3154 lege
2021 3104 2232 3152 eodemque
2250 3111 2420 3152 tempore

1386 3155 1596 3206 periodico)
1620 3157 1737 3195 Luna
1753 3156 1908 3195 relative
1933 3157 2119 3195 describet
2140 3157 2238 3193 circa
2259 3157 2420 3194 Terram

1387 3208 1484 3246 dum
1510 3209 1592 3257 ipsa
1621 3210 1741 3248 Terra
1758 3209 1896 3247 mutua
1924 3210 2052 3248 Lunae
2076 3209 2300 3247 attractione
2321 3208 2421 3246 circa

1387 3268 1562 3299 centrum
1588 3262 1783 3312 gravitatis
1806 3275 2014 3301 commune
2031 3261 2160 3299 revera
2178 3262 2418 3308 revolvetur3

1837 3347 1846 3355 -
1881 3320 2181 3376 Q

1388 3345 1454 3383 ille
1472 3358 1564 3397 ergo
1582 3346 1776 3385 semi-axis
1794 3354 1866 3385 erit
2214 3346 2327 3399 cujus
2360 3358 2421 3385 ra-

2034 3385 2058 3415 2

1388 3429 1456 3468 dix
1487 3430 1621 3469 cubica
1651 3438 1709 3470 est
1735 3435 1857 3472 60.47
1886 3430 1965 3470 fere
1990 3384 2071 3482 6ἷὲ
2096 3438 2141 3470 ut
2164 3432 2279 3470 habet
2304 3431 2421 3469 New-

1388 3490 1515 3575 teng?-
1545 3536 1698 3574 Eodem
1727 3537 1845 3575 modo
1874 3550 1954 3588 quo
1984 3537 2102 3576 Luna
2132 3537 2173 3575 in
2205 3534 2328 3575 orbita
2353 3534 2425 3573 sua.

1393 3588 1601 3627 revolvitur
1636 3588 1737 3627 circa
1775 3590 1986 3636 Tellurem,
2036 3589 2091 3628 ita
2125 3590 2232 3629 aliud
2265 3588 2426 3639 quodvis

1395 3654 1510 3692 grave
1537 3654 1583 3679 ex
1612 3651 1755 3690 puncto
1783 3642 1889 3681 extra
1918 3643 2087 3681 Telluris
2109 3642 2347 3691 superficiem
2366 3654 2426 3678 sc-

301 3688 405 3726 bitur
426 3687 567 3736 ellipsis
587 3686 742 3725 relativa
760 3688 859 3726 circa
877 3702 957 3736 nos,
978 3691 1097 3729 estad
1111 3693 1342 3742 quadratum
1396 3694 1570 3731 cundum
1599 3703 1741 3735 rectam
1770 3696 2047 3734 horizontalem
2070 3696 2160 3734 satis
2187 3692 2311 3732 valide
2338 3706 2426 3743 pro-

303 3740 485 3790 temporis
520 3752 599 3791 quo
634 3739 776 3788 ellipsis
812 3742 983 3781 relativae
1026 3744 1150 3792 ellipsi
1186 3746 1344 3796 aequalis
1392 3746 1537 3796 jectum
1572 3747 1734 3785 orbitam
1765 3748 2002 3795 describeret,
2041 3756 2080 3786 et
2113 3748 2276 3796 planetae
2311 3746 2429 3784 instar

303 3793 403 3833 circa
432 3806 503 3832 nos
534 3791 620 3832 vere
640 3793 832 3847 *immotos
867 3793 1104 3844 describitur,
1143 3805 1187 3837 ut
1222 3800 1345 3837 cubus
1398 3799 1599 3848 periodum
1626 3814 1735 3838 suam
1762 3802 1970 3853 compleret
1997 3802 2079 3853 (lo.
2110 3796 2197 3839 Lib.
2223 3799 2293 3851 L).
2354 3799 2431 3837 sid
