2528 4172
307 256 410 302 214
561 224 563 228 ⁴
804 251 911 304 DE
951 251 1204 304 CAUSA
1244 252 1597 305 PHYSICA.
1624 253 1935 308 FLUxUs

303 388 744 458 perpendiculare,
786 388 832 440 P
867 389 1117 457 particula
1141 392 1334 460 quaevis
1361 392 1544 443 Terrae
1561 412 1575 453 3
1614 392 1781 462 sitque
1818 392 1863 443 P
1892 392 1956 444 M
1991 394 2429 462 perpendicularis

302 481 357 531 in
394 480 608 548 planum
647 479 693 529 B
729 478 781 529 b.
873 479 1231 547 Repraesentet
1268 481 1315 532 L
1343 481 1394 532 T
1430 482 1733 551 gravitatem
1774 482 1956 533 Terrae
1998 483 2308 535 mediocrem
2349 485 2430 535 vel

301 569 568 639 particulae
593 568 646 618 in
672 577 850 620 centro
876 569 928 620 T
950 570 1133 638 positae
1158 569 1336 621 versus
1363 570 1583 633 Lunam,
1612 581 1841 622 sumatur
1867 573 1914 624 L
1934 572 1986 625 K
2011 572 2077 624 ad
2104 572 2151 623 L
2178 572 2245 636 T,
2272 583 2330 624 ut
2353 583 2430 625 cst

302 659 350 710 L
373 659 424 709 T
441 657 461 686 ²
485 657 553 708 ad
579 656 626 707 L
656 656 701 708 P
720 656 755 719 2,
785 658 983 727 eritque
1008 667 1148 709 recta
1174 658 1222 709 L
1250 658 1302 708 K
1327 676 1568 709 mensura
1590 659 1812 728 gravita⁴

300 748 365 797 tis
392 747 659 814 particulae
682 748 726 799 P
744 748 798 797 in
825 748 1046 799 Lunam.
1105 748 1344 799 Ducatur
1363 747 1416 798 K
1438 748 1488 799 G
1516 758 1671 799 rectae
1699 748 1744 801 P
1761 749 1813 801 T

299 834 557 901 parallela,
588 845 924 905 occurratque
950 836 998 887 L
1025 835 1076 887 T
1100 835 1385 903 productae,
1415 835 1458 885 si
1482 853 1613 904 opus
1638 846 1733 899 est,
1757 834 1814 888 in

301 922 370 983 G,
399 932 451 973 et
475 924 758 975 resolvetur
781 925 857 975 vis
885 925 933 976 L
961 925 1013 975 K
1038 925 1092 975 in
1118 925 1250 976 vires
1280 925 1332 975 K
1361 924 1414 976 G
1439 936 1490 975 et
1514 924 1562 978 L
1591 925 1659 988 G,
1688 944 1814 995 qua-

296 1030 412 1061 rum
444 1013 587 1080 prior
627 1025 774 1085 urget
809 1014 1115 1082 particulam
1144 1015 1189 1065 P
1215 1012 1391 1064 versus
1418 1023 1652 1066 centrum
1678 1014 1811 1067 Ter-

295 1120 385 1165 rae,
429 1112 605 1172 estque
641 1103 746 1155 fere
778 1104 989 1173 aequalis
1021 1104 1120 1172 ipsi
1157 1104 1202 1155 P
1228 1103 1307 1164 T3
1350 1103 1650 1171 posterioris
1692 1096 1816 1172 pars.

298 1190 350 1241 T
378 1190 424 1241 L
467 1192 704 1243 omnibus
747 1192 1010 1261 particulis
1052 1192 1353 1254 communis,
1394 1201 1446 1242 et
1480 1193 1576 1243 sibi
1610 1210 1812 1261 semper

295 1281 554 1348 parallela,
582 1291 780 1333 motum
805 1301 952 1352 aquae
976 1267 1084 1333 non
1115 1282 1318 1342 turbat3
1355 1280 1517 1332 altera
1540 1281 1664 1333 vero
1688 1299 1809 1350 pars

298 1371 349 1422 T
377 1370 430 1423 G
456 1381 532 1422 est
557 1370 711 1441 quam
734 1370 971 1440 proxime
997 1371 1208 1441 aequalis
1234 1370 1331 1440 ipsi
1359 1379 1389 1422 3
1420 1370 1465 1422 Ρ
1491 1370 1572 1424 Μ.
1645 1372 1676 1403 ³¹⁸
1703 1370 1809 1423 Im-

294 1460 474 1528 primis
513 1461 673 1531 igitur
717 1461 1054 1531 quaerendum
1092 1471 1167 1514 est
1204 1478 1443 1530 quaenam
1481 1458 1667 1512 debeat
1703 1479 1814 1512 esse

295 1549 464 1619 figura
491 1549 671 1601 Terrae
695 1550 868 1601 fluidae
894 1552 1038 1619 cujus
1063 1550 1329 1619 particulae
1347 1548 1525 1600 versus
1553 1568 1605 1600 se
1629 1547 1810 1600 mutuo

295 1641 551 1710 gravitant
573 1639 764 1690 viribus
790 1640 845 1690 in
869 1628 1072 1691 inversa
1092 1639 1451 1692 distantiarum
1476 1639 1691 1700 ratione,
1714 1638 1810 1690 du-

294 1728 482 1798 plicata
510 1729 940 1794 decrescentibus,
970 1748 1190 1799 quaeque
1215 1729 1367 1780 simul
1399 1728 1656 1799 agitantur
1682 1729 1815 1781 dua-

295 1818 392 1868 bus
418 1817 609 1868 viribus
636 1819 910 1881 extraneiS,
939 1837 1157 1888 quarum
1182 1819 1343 1870 altera
1366 1815 1544 1869 versus
1572 1826 1808 1869 centrum

297 1905 349 1957 T
367 1905 621 1977 dirigitur,
644 1917 823 1977 estque
849 1927 1051 1977 semper
1070 1918 1127 1960 ut
1148 1909 1193 1960 P
1210 1908 1262 1959 T
1281 1907 1522 1959 distantia
1541 1906 1810 1974 particulae

295 2014 327 2045 a
351 2005 544 2058 centro,
572 1996 731 2047 altera
756 1998 863 2068 agit
888 1998 942 2048 in
967 2007 1108 2049 recta
1129 1998 1227 2065 ipsi
1255 1997 1306 2049 T
1334 1997 1382 2048 L
1414 1996 1675 2064 parallela,
1708 2003 1809 2045 est—

297 2103 396 2153 que
434 2085 501 2136 ad
535 2086 764 2153 priorem
799 2095 857 2137 ut
894 2095 924 2138 3
954 2086 1000 2138 Ρ
1028 2086 1092 2138 Μ
1129 2087 1196 2137 ad
1236 2087 1280 2137 P
1315 2086 1381 2137 T.
1460 2069 1807 2139 Ostendemus

296 2183 468 2224 autem
509 2175 747 2227 Sectione
784 2176 1016 2245 sequenti
1058 2175 1281 2246 figuram
1319 2176 1472 2245 hujus
1515 2174 1661 2226 fluidi
1704 2192 1816 2225 esse

296 2263 531 2316 accurate
558 2265 902 2333 sphaeroidem
928 2284 1045 2335 quae
1069 2266 1301 2336 gignitur
1325 2265 1644 2317 revolutione
1670 2263 1905 2332 ellipseos
1933 2261 2070 2314 circa
2094 2280 2245 2314 axem
2263 2271 2432 2313 trans-

295 2375 516 2418 versum,
559 2357 602 2407 si
640 2358 808 2409 Terra
845 2367 1167 2425 supponatur
1203 2356 1527 2408 uniformiter
1556 2356 1757 2416 ‘densa3
1814 2364 1972 2424 atque
2011 2353 2134 2403 hinc
2178 2352 2432 2403 calculum

296 2448 465 2499 motfis
490 2450 643 2500 maris
670 2470 735 2501 ex
758 2451 983 2502 motibus
1011 2449 1304 2502 coelestibus
1331 2450 1585 2501 deducere
1612 2447 1928 2499 conabimur.

380 2536 776 2590 Observandum
802 2548 973 2589 autem
998 2538 1121 2588 alias
1149 2555 1326 2588 causas
1352 2537 1648 2604 conspirare
1674 2535 1741 2587 ad
1765 2543 1934 2583 motus
1960 2530 2115 2587 maris
2140 2530 2431 2598 producen-

304 2624 397 2676 dos
441 2645 559 2677 cum
597 2626 839 2696 inaequali
881 2625 1130 2696 gravitate
1171 2626 1397 2693 partium
1440 2624 1624 2676 Terrae
1662 2619 1839 2673 versus
1887 2619 2093 2671 Lunam
2136 2627 2186 2668 et
2239 2617 2430 2669 Solem.

300 2715 479 2767 Motus
507 2717 559 2768 T
560 2735 688 2768 errae
714 2716 929 2768 diurnus
956 2716 1092 2768 circa
1116 2733 1267 2767 axem
1293 2733 1442 2766 suum
1466 2713 1620 2768 variis
1644 2711 1812 2763 modis
1841 2719 2024 2762 aestum
2048 2707 2203 2758 maris
2229 2706 2431 2775 afficere

299 2806 519 2869 videtur,
546 2816 739 2875 praeter
763 2806 908 2856 illum
933 2825 964 2857 a
990 2804 1245 2856 Newtono
1270 2812 1627 2865 memoratum,
1655 2818 1759 2871 quo
1782 2808 1937 2850 aestus
1964 2795 2030 2848 ad
2062 2795 2246 2846 horam
2282 2794 2429 2844 luna-

293 2913 404 2945 rem
429 2895 704 2946 secundam
730 2904 818 2945 aut
841 2894 1045 2945 tertiam
1069 2892 1374 2945 retardatur.
1454 2899 1503 2945 1.
1544 2890 1728 2944 AEstus
1765 2889 1825 2940 fit
1860 2884 2016 2956 paulo
2044 2885 2207 2953 major
2233 2883 2299 2933 ob
2326 2882 2428 2932 vim

293 2984 637 3055 centrifugam
675 2994 728 3036 et
764 2984 985 3054 figuram
1023 2984 1433 3053 sphaeroidicam,
1475 3000 1541 3034 ex
1577 2990 1721 3033 motu
1761 2980 1942 3031 Terrae
1976 2975 2265 3035 oriundam,
2307 2971 2425 3023 cum

292 3071 405 3123 haec
429 3072 504 3123 vis
530 3071 687 3140 paulo
711 3073 874 3141 major
899 3072 1085 3124 evadat
1109 3072 1163 3121 in
1188 3071 1420 3139 partibus
1446 3070 1601 3121 maris
1628 3067 1893 3120 altioribus
1922 3062 2074 3134 quam
2099 3063 2152 3112 in
2172 3061 2426 3129 depressi-

298 3160 489 3212 oribus.
565 3167 614 3212 2.
657 3159 794 3211 Cum
830 3161 985 3210 maris
1024 3171 1178 3211 aestus
1203 3160 1365 3211 fertur
1390 3159 1471 3210 vel
1496 3177 1526 3209 a
1551 3156 1765 3208 meridie
1791 3150 1967 3204 versus
2007 3150 2421 3219 septentrionem,

292 3250 372 3300 vel
409 3248 588 3301 contra
624 3269 656 3301 a
692 3250 1041 3319 septentrione
1065 3248 1241 3300 versus
1271 3247 1554 3310 meridiem,
1593 3244 1774 3296 incidit
1798 3243 1852 3292 in
1877 3259 2052 3311 aquas,
2082 3258 2197 3309 quae
2223 3237 2421 3289 diversa

295 3337 566 3388 velocitate
604 3338 739 3389 circa
776 3356 926 3389 axem
964 3337 1147 3388 Terrae
1183 3336 1532 3397 revolvuntur,
1574 3343 1727 3401 atque
1763 3330 1885 3381 hinc
1921 3339 2091 3380 motus
2115 3345 2275 3378 novos
2302 3326 2423 3377 cieri

290 3445 499 3479 necesse
525 3438 615 3491 est,
644 3439 701 3480 ut
724 3439 905 3498 postea
931 3429 1177 3480 dicemus:
1256 3425 1424 3479 Porro
1450 3421 1734 3476 secundum
1758 3420 2012 3472 theoriam
2038 3416 2319 3489 gravitatis,
2342 3416 2418 3467 vis

293 3513 394 3583 qua
434 3516 699 3582 particulae
735 3518 890 3568 maris
926 3526 1178 3588 urgentur
1213 3513 1391 3567 versus
1429 3513 1648 3565 Terram
1675 3509 1906 3571 solidam,
1949 3513 2086 3577 (quae
2112 3505 2242 3576 aqua
2268 3503 2421 3575 longe

291 3601 496 3652 densior
533 3603 628 3667 est)
671 3615 877 3672 superat
914 3605 1019 3655 vim
1057 3603 1157 3674 qua
1195 3600 1370 3654 versus
1407 3619 1593 3670 aquam
1630 3607 1898 3669 urgentur.
1974 3596 2124 3645 Vires
2161 3594 2264 3644 illae
2302 3602 2422 3642 sunt

342 3746 364 3767 ¹*
401 3742 473 3779 Vis
503 3743 584 3780 haec
612 3743 730 3791 paule,
761 3746 883 3796 major
914 3754 972 3784 est
1002 3746 1035 3783 si
1063 3745 1252 3795 particula
1291 3745 1326 3782 P
1379 3751 1485 3792 parte
1506 3742 1634 3779 Lunae
1652 3740 1797 3788 aversa,
1813 3738 1919 3777 unde
1936 3735 2074 3776 merito
2091 3737 2251 3775 habetur
2265 3731 2421 3785 aequalis

288 3795 336 3833 sit
364 3795 402 3832 in
431 3803 536 3845 parte
563 3796 693 3834 Terrae
727 3796 854 3835 Luna»
880 3798 1050 3846 obversa,
1079 3800 1206 3837 minor
1229 3799 1259 3837 si
1285 3799 1327 3835 in
1378 3797 1451 3847 ipsi
1471 3800 1495 3834 3
1518 3795 1553 3833 Ρ
1573 3795 1633 3832 Μ.
