2528 4172
0 192 26 224 ψ

0 223 63 325 5
155 290 664 357 mmmmm]
742 289 1147 344 PRINCIPIA
1188 288 1807 344 MATHEMATICA.
2229 299 2292 342 13

856 500 1446 554 PHAENOMENON
1489 500 1583 553 IV.

142 656 472 708 Planetarum
494 656 710 724 quinque
724 655 1107 722 primariorum,
1130 663 1178 707 et
1194 656 1270 707 vel
1294 655 1425 707 Solis
1449 656 1584 705 circa
1619 654 1828 705 Terram
1856 656 1933 706 vel
1963 655 2137 705 Terrae
2155 655 2289 706 circa

213 745 372 798 Solem
395 752 619 811 tempora
633 745 917 811 periodica,
939 744 1096 795 stellis
1119 734 1246 811 fiais
1271 742 1641 812 quiescentibus,
1672 760 1770 794 esse
1797 745 1851 794 in
1877 744 2078 795 ratione
2103 745 2288 811 sesqui-

202 832 407 902 plicatd
432 835 749 886 mediocrium
784 834 1142 885 distantiarum
1166 851 1200 883 a
1226 833 1353 885 Sole.

211 996 351 1050 Haec
375 1017 407 1050 a
433 997 665 1067 Keplero
691 997 900 1050 inventa
924 999 1056 1050 ratio
1081 998 1134 1049 in
1161 996 1398 1049 confesso
1424 1005 1503 1047 est
1535 995 1677 1064 apud
1714 1014 1910 1048 omnes,
1990 997 2045 1065 (ι)
2084 997 2285 1050 Eadem

138 1087 319 1159 utique
357 1096 476 1140 sunt
511 1098 748 1157 tempora
782 1087 1062 1157 periodica,
1093 1086 1392 1156 eaedemque
1418 1085 1625 1137 orbium
1650 1081 2015 1147 dimensioneS,
2053 1086 2159 1137 sive
2193 1087 2284 1138 Sol

135 1177 272 1230 circa
297 1176 537 1240 Terram,
567 1176 672 1228 sive
698 1176 867 1229 Terra
895 1178 1029 1229 circa
1052 1177 1227 1229 Solem
1254 1175 1567 1228 revolvatur.
1621 1176 1703 1226 Ac
1724 1175 1789 1226 de
1805 1165 2045 1226 mensura
2074 1175 2284 1245 quidem

134 1275 429 1335 temporum
453 1265 839 1335 periodicorum
865 1266 1105 1318 convenit
1142 1266 1276 1316 inter
1301 1276 1623 1316 astronomos
1650 1264 1934 1316 universos,
2013 1263 2283 1335 Magnitu-

133 1354 281 1406 dines
326 1363 500 1406 autem
543 1354 749 1405 orbium
792 1354 1053 1423 Keplerus
1097 1362 1148 1405 et
1187 1353 1477 1406 Bullialdus
1516 1353 1748 1404 omnium
1787 1352 2178 1424 diligentissime
2217 1373 2283 1405 ex

131 1442 574 1495 observationibus
612 1441 1118 1495 determinaverunt:
1160 1453 1212 1494 et
1249 1442 1507 1495 distantiae
1542 1441 1851 1505 mediocreS,
1892 1460 2009 1512 quae
2034 1444 2282 1512 tempori-

130 1532 229 1585 bus
264 1532 544 1602 periodieis
579 1533 913 1603 respondent,
953 1552 1059 1585 non
1093 1533 1341 1585 differunt
1367 1533 1679 1585 sensibiliter
1705 1552 1737 1584 a
1761 1533 2017 1585 distantiis
2042 1552 2170 1605 quas
2207 1534 2280 1586 illi

54 1689 59 1703 l
129 1623 454 1686 invenerunt,
494 1635 717 1693 suntque
753 1621 889 1675 inter
925 1623 1062 1692 ipsas
1101 1632 1159 1675 ut
1193 1622 1492 1692 plurimum*
1516 1621 1869 1684 intermedia-33
1908 1622 1984 1674 uti
2016 1623 2069 1674 in
2104 1623 2279 1677 tabula

131 1722 377 1784 sequente
402 1712 579 1766 videre
603 1713 739 1766 licet.

0 1595 14 1656 ἔ

0 1725 20 1844 ἓ

0 1862 23 1941 ἴῖ
127 1883 461 1936 Planetarum
485 1903 546 1936 ac
579 1886 796 1938 Telluris
821 1895 1043 1955 tempora
1070 1889 1339 1955 periodica
1364 1888 1499 1938 circa
1525 1887 1683 1939 Solem
1709 1895 1931 1955 respectu
1933 1888 2181 1954 fixarum,
2224 1889 2277 1938 in

0 1889 30 2138 ἶ
701 1978 872 2029 diebus
897 1987 945 2030 et
961 1979 1200 2047 partibus
1225 1978 1541 2030 decimalibus
1567 1979 1686 2028 diei.

0 2163 13 2256 ἶ
249 2133 540 2258 10753375.
611 2135 872 2260 433Ξ5ι4.
942 2133 1201 2264 686Ῐὲ785.
1270 2131 1531 2265 365ῗ2565.
1598 2134 1863 2262 manime.
1935 2132 2161 2262 87‚9{92.

70 3727 73 3730 Α
122 3751 191 3790 per
218 3742 499 3782 observationes
534 3742 785 3784 latitudinum
818 3747 993 3796 planetae.

181 2359 234 2412 (ἴ)
257 2364 321 2399 58.
354 2364 376 2387 *¹
410 2363 559 2400 Eadem
584 2361 714 2412 utique
738 2370 830 2402 sunt
857 2371 1023 2412 tempora
1048 2365 1170 2413 perio-

125 2414 220 2452 dica.
305 2414 497 2463 Tempora
543 2415 738 2463 periodica
782 2416 1026 2464 planetarum
1069 2417 1171 2454 circa

128 2466 256 2505 Solem
277 2468 348 2505 hoc
367 2467 485 2505 modo
504 2476 665 2516 possunt
683 2469 859 2506 inveniri.
905 2470 1171 2508 Observentur

123 2518 365 2568 planetarum
394 2521 654 2570 oppositiones
683 2531 721 2560 et
753 2523 1045 2573 conjunctiones
1078 2536 1168 2560 cum

128 2572 226 2617 Sole,
256 2581 350 2612 tunc
374 2575 478 2612 enim
509 2574 664 2622 planeta
686 2588 708 2612 e
739 2576 827 2613 Sole
853 2576 1005 2614 videtur
1023 2576 1063 2614 in
1083 2576 1169 2614 loco

122 2625 190 2715 gui
209 2628 409 2675 oppositus
442 2634 500 2664 est
532 2628 616 2665 loco
640 2628 738 2667 Solis
765 2641 787 2666 e
809 2629 929 2667 Terra
953 2630 1034 2672 visi,
1063 2628 1169 2668 unde

152 2686 214 2717 ato
254 2681 353 2718 Solis
390 2681 476 2718 loco
508 2680 622 2719 datur
653 2682 818 2730 planetae
851 2684 960 2721 locus
985 2684 1028 2720 in
1053 2684 1161 2721 coelo.

123 2730 216 2770 Jam
231 2734 319 2771 vero
332 2734 539 2772 observatis
557 2735 734 2783 pluribus
752 2736 1057 2785 oppositionibus
1076 2750 1165 2774 cum

125 2790 346 2835 temporum
373 2787 583 2825 intervallis
601 2789 702 2826 inter
719 2789 891 2840 singulas
909 2790 1168 2838 oppositiones

121 2836 351 2889 interceptis,
400 2840 515 2878 datur
558 2849 713 2890 tempus
753 2854 832 2892 quo
869 2843 1026 2891 planeta
1068 2842 1170 2881 circa

127 2891 255 2930 Solem
287 2902 397 2931 motu
433 2906 524 2931 vero
573 2895 752 2932 describit
794 2896 960 2947 angulos
1005 2896 1054 2934 ad
1099 2897 1168 2934 So-

123 2944 200 2983 lem
231 2946 332 2984 inter
359 2947 618 2996 oppositiones
647 2955 856 2994 contentos,
892 2957 929 2987 et
954 2962 1021 2998 per
1053 2963 1168 3000 regu.

122 2997 200 3036 lam
228 3000 484 3049 proportionis
514 3002 677 3038 habetur
706 3009 862 3051 tempus
898 3015 976 3053 quo
1012 3003 1167 3051 planeta

123 3055 202 3090 360
234 3053 379 3103 gradus
412 3067 481 3091 seu
517 3054 799 3093 revolutionem
836 3068 955 3093 unam
994 3057 1166 3095 absolvit.

125 3104 316 3154 Tempore
334 3107 529 3155 periodico
547 3105 601 3144 ita
620 3107 745 3146 crasse
763 3107 1026 3154 determinato,
1049 3111 1165 3148 habe-

122 3163 187 3195 tur
221 3171 407 3197 numerus
452 3160 742 3199 revolutionum
787 3162 954 3211 planetae
994 3171 1167 3212 tempore

123 3210 214 3248 satis
249 3211 367 3263 longo
402 3221 655 3262 peractarum.
726 3215 767 3252 Si
803 3223 935 3253 autem
966 3216 1167 3265 capiantur

124 3262 214 3301 duae
245 3266 501 3313 oppositiones
533 3265 644 3305 valde
673 3267 817 3305 dissitae
848 3268 972 3319 iisque
1003 3269 1167 3307 addatur

123 3328 236 3354 arcus
263 3320 496 3358 necessarius
513 3328 558 3358 ut
574 3320 730 3369 planeta
747 3334 792 3360 ac
810 3321 914 3359 idem
934 3322 1066 3360 orbitae
1086 3336 1166 3361 suae

121 3377 315 3418 punctum
349 3372 490 3420 redeat,
536 3380 740 3424 totumque
782 3383 937 3424 tempus
973 3375 1166 3414 dividatur

121 3434 192 3471 per
219 3435 426 3462 numerum
448 3426 749 3474 revolutionum,
781 3429 984 3466 habebitur
1012 3437 1166 3477 tempus

121 3474 360 3524 periodicum
378 3478 604 3526 accuratius,
625 3481 879 3530 supponendo
895 3482 1000 3532 quod
1015 3483 1167 3531 aphelia

119 3528 287 3576 planetae
305 3542 385 3567 non
403 3530 511 3570 aliter
527 3541 756 3572 moveantur
773 3534 892 3586 quam
912 3535 1011 3573 fixae.
1075 3535 1165 3574 Suf-

121 3580 204 3619 sicit
231 3581 385 3621 veroin
416 3583 476 3621 his
499 3585 682 3625 Newtoni
714 3589 979 3638 phaenomeuis
1008 3596 1054 3627 ut
1083 3590 1166 3627 haec

121 3641 307 3684 tempora,
328 3635 515 3687 neglectis
531 3639 718 3687 minutiis,
738 3640 991 3680 desiniantur.

177 3687 311 3727 Potest
338 3690 454 3727 etiam
481 3697 636 3739 tempus
658 3693 898 3741 periodicum
917 3695 1167 3734 determinari

1225 2365 1341 2413 plano
1356 2364 1550 2413 eclipdcoe,
1573 2376 1641 2401 seu
1661 2364 1700 2401 in
1720 2362 1825 2400 nodo
1844 2362 1977 2400 orbitae
1997 2375 2102 2409 suae3
2124 2362 2271 2400 inveni.

1223 2425 1289 2455 tur
1308 2426 1438 2455 autem
1458 2426 1625 2465 tempus,
1647 2417 1712 2454 ubi
1734 2416 1899 2454 latitudo
1918 2415 2028 2453 nulla
2047 2424 2116 2462 est,
2143 2418 2272 2453 obser-

1223 2471 1350 2508 vando
1377 2471 1482 2509 illam
1505 2479 1710 2520 antequam
1733 2469 1842 2507 nulla
1861 2468 1909 2506 sit
1928 2476 1967 2506 et
1985 2469 2053 2506 ubi
2073 2469 2269 2516 decrescit,

1223 2532 1291 2562 aut
1310 2532 1513 2575 postquam
1532 2524 1641 2561 nulla
1659 2523 1736 2561 fuit
1754 2532 1792 2560 et
1811 2522 1878 2560 ubi
1897 2522 2040 2566 crescit,
2069 2521 2185 2573 atque
2203 2536 2271 2571 per

1222 2578 1398 2629 regulam
1426 2577 1682 2626 proportionis
1709 2590 1756 2614 ex
1786 2576 2033 2613 incrementis
2057 2576 2117 2613 vel
2137 2576 2270 2613 decre-

1221 2631 1376 2676 mentis,
1398 2631 1676 2669 determinatur
1694 2639 1860 2678 tempuS,
1878 2628 2034 2679 quando
2049 2630 2157 2667 nulla
2176 2629 2263 2667 fuit.

1225 2686 1264 2724 Si
1292 2685 1420 2735 itaque
1444 2687 1664 2723 observetur
1682 2685 1757 2721 hoc
1775 2683 1892 2720 modo
1911 2692 2064 2731 tempus
2093 2683 2268 2730 elapsum

1220 2739 1321 2776 inter
1348 2739 1554 2786 appulsum
1580 2738 1746 2786 planetae
1773 2736 1822 2773 ad
1847 2735 2009 2782 nodum,
2040 2743 2078 2773 et
2098 2736 2267 2773 reditum

1221 2791 1394 2842 ejusdem
1410 2793 1458 2829 ad
1474 2791 1642 2829 eundem
1662 2790 1823 2835 nodum,
1845 2790 1918 2827 hoc
1937 2789 2008 2827 erit
2027 2797 2181 2838 tempus
2199 2802 2267 2837 pe-

1223 2845 1412 2883 riodicum
1458 2845 1647 2894 planetae3
1697 2850 1845 2881 constat
1881 2843 1985 2879 enirn
2024 2843 2265 2891 planetarum

1225 2899 1347 2937 nodos
1368 2898 1430 2935 vix
1450 2898 1492 2935 in
1511 2900 1590 2935 una
1610 2897 1850 2934 revolutione
1874 2896 2038 2944 planetae
2057 2896 2215 2933 moveri.

1276 2955 1338 2991 59.
1369 2951 1596 3001 Longitudo
1624 2963 1668 2988 ac
1696 2950 1859 2987 latitudo
1884 2950 2048 2998 planetae
2075 2948 2264 2986 observari

1220 3012 1383 3054 possunt
1412 3006 1501 3055 (per
1519 3012 1597 3041 not.
1627 3007 1688 3042 17.
1716 3008 1774 3041 18.
1801 3002 1887 3051 20.)
1918 3010 1957 3039 et
1974 3002 2064 3039 inde
2084 3001 2265 3038 determi-

1220 3066 1336 3095 natur
1373 3064 1527 3106 tempus
1557 3057 1802 3107 syzigiarum,
1837 3055 1928 3093 cuin
1966 3055 2143 3093 videlicet
2179 3055 2243 3092 lon

1219 3111 1359 3162 gitudo
1379 3110 1544 3160 planetae
1563 3124 1642 3148 non
1671 3110 1800 3148 differt
1829 3122 1852 3147 a
1882 3108 2128 3157 longitudine
2162 3108 2261 3145 Solis

1220 3177 1298 3215 quo
1330 3172 1502 3213 tempore
1531 3164 1575 3201 fit
1599 3163 1833 3214 conjunctio,
1863 3162 1923 3198 vel
1948 3161 2076 3198 differt
2096 3160 2265 3198 semicir-

1220 3218 1311 3256 culo
1347 3225 1393 3255 ut
1433 3217 1474 3254 in
1521 3217 1771 3266 oppositione.
1855 3214 1974 3259 Quod
2019 3214 2264 3252 Mercurium

1220 3278 1376 3319 spectat,
1406 3270 1687 3308 determinatur
1713 3269 1833 3317 ipsius
1858 3267 2080 3317 conjunctio
2104 3267 2263 3305 inferior

1219 3336 1310 3362 cum
1335 3324 1423 3362 Sole
1442 3337 1510 3373 per
1528 3324 1649 3371 ipsius
1667 3322 1870 3360 transitum
1889 3321 1929 3357 in
1948 3320 2053 3358 disco
2077 3321 2175 3358 Solis
2193 3321 2261 3370 qui

1218 3377 1366 3415 vicibus
1393 3385 1480 3415 octo
1501 3379 1725 3414 observatus
1752 3375 1838 3418 fuit,
1866 3373 1961 3411 dum
1980 3374 2162 3411 transitus
2185 3375 2261 3412 Ve-

1218 3431 1321 3468 neris
1353 3431 1471 3468 semel
1501 3437 1654 3468 tantum
1678 3429 1782 3466 visus
1806 3435 1873 3473 est,
1904 3427 1944 3464 in
1970 3428 2030 3464 his
2063 3426 2153 3466 vero
2184 3440 2263 3465 non

1220 3484 1453 3533 supponitur
1470 3483 1643 3522 Telluris
1660 3489 1790 3520 motus
1808 3493 1880 3518 nec
1898 3481 2017 3531 quies.
2063 3481 2262 3519 Deterrui-

1219 3545 1313 3575 nato
1331 3545 1505 3585 tempore
1521 3535 1719 3585 periodica
1742 3534 1920 3584 planetae,
1951 3536 2114 3572 habetur
2134 3543 2265 3572 motus

1220 3590 1306 3640 ejus
1332 3590 1485 3627 medius
1511 3590 1553 3626 in
1578 3587 1714 3634 orbita,
1741 3595 1780 3626 et
1797 3600 1845 3625 ex
1863 3588 2072 3625 observatis
2089 3587 2266 3636 pluribus

1220 3642 1316 3680 locis
1344 3644 1511 3691 planetae
1540 3655 1561 3679 e
1595 3641 1683 3679 Sole
1713 3641 1803 3679 visis
1830 3653 1898 3690 per
1922 3641 2180 3690 oppositiones
2205 3641 2265 3678 vel

1222 3696 1513 3746 conjunctiones
1531 3702 1599 3733 aut
1616 3708 1684 3743 per
1702 3694 1968 3746 digressiones,
1989 3694 2132 3732 dantur
2149 3693 2266 3733 etiam

1064 3750 1171 3787 Nam
1224 3749 1346 3797 ipsius
1371 3755 1502 3787 motus
1520 3748 1610 3794 veri,
1632 3761 1675 3786 ac
1693 3746 1856 3797 proinde
1875 3746 2017 3785 dantur
2041 3747 2266 3785 differentiae

121 3791 219 3832 dum
261 3794 428 3835 latitudo
472 3796 583 3836 nulla
619 3805 689 3844 est,
731 3799 887 3850 planeta
922 3809 1095 3841 versatur
1129 3801 1172 3839 in
1227 3801 1329 3841 iuter
1346 3810 1477 3841 motus
1494 3814 1605 3841 veros
1623 3810 1662 3840 et
1678 3811 1809 3840 motus
1826 3800 1986 3840 medios,
2049 3800 2149 3839 Inde
2177 3798 2266 3838 iero

126 3864 128 3866 ’
178 3864 278 3905 Vot.
303 3866 391 3906 111.
1187 3872 1228 3911 D
