2528 4172
647 258 963 320 FLUXUS
1004 266 1103 318 AC
1145 264 1565 318 REFLUXUS
1605 261 1866 316 MARIS.
2219 269 2316 314 331

186 417 336 484 pulsa
372 417 439 469 ad
472 418 634 469 latera
669 418 904 470 diffluere
930 419 1124 488 nequit,
1167 419 1210 470 si
1246 418 1455 488 quidem
1482 418 1622 470 sinus
1651 413 1842 468 directe
1868 411 2046 466 versus
2072 430 2186 463 eam
2210 412 2322 480 pla-

187 527 306 577 gam
343 519 530 577 pateat,
572 509 712 559 unde
749 528 882 579 aqua
917 509 1202 562 advehitur.
1281 509 1366 561 Ex
1389 509 1470 560 his
1496 509 1654 580 igitur
1679 526 1785 559 non
1813 507 1979 558 solum
2006 503 2137 555 ratio
2162 512 2318 570 patet,

186 616 278 648 cur
315 616 447 666 aqua
483 596 587 648 fere
615 598 803 667 ubique
830 599 897 649 ad
921 599 1094 651 littora
1131 599 1196 651 ad
1233 600 1396 651 multo
1432 600 1680 668 majorem
1716 597 2039 649 altitudinem
2078 594 2319 654 elevetur,

184 685 338 756 quam
375 686 429 736 in
465 687 637 737 medio
675 688 820 750 mari,
861 687 952 738 sed
990 689 1143 739 etiam
1181 707 1274 740 cur
1313 688 1543 739 Bristolii
1581 698 1682 738 tam
1723 685 1946 738 enormis
1971 684 2143 735 fluxus
2183 681 2318 731 circa

183 777 415 847 syzygias
441 778 770 829 luminarium
795 779 1093 831 observetur
1107 800 1120 841 3
1168 780 1286 831 cum
1311 780 1447 832 enim
1472 780 1526 830 in
1552 779 1649 831 hac
1674 778 1886 849 regione
1909 777 2052 828 littus
2078 775 2143 826 sit
2169 772 2316 826 valde

186 867 455 916 sinuosum
479 884 539 916 ac
563 866 828 929 vadosum,
858 887 990 938 aqua
1013 869 1238 921 maxima
1264 870 1314 920 vi
1346 869 1636 938 appellitur,
1677 887 1845 938 neque
1871 868 1938 918 ob
1966 866 2320 917 sinuositatem

183 963 289 1004 tam
317 952 421 1005 cito
446 953 677 1005 diffluere
703 965 886 1023 potest.
964 958 1139 1026 Atque
1165 976 1231 1009 ex
1265 957 1345 1008 his
1382 958 1648 1027 principiis
1675 975 1781 1008 non
1807 956 1905 1007 erit
1929 954 2134 1007 difficile
2162 953 2317 1004 ratio-

180 1062 301 1095 nem
327 1042 747 1095 inconsuetorum
773 1056 1007 1108 aestuum,
1037 1047 1124 1116 qui
1148 1048 1336 1115 passim
1364 1048 1417 1099 in
1443 1047 1595 1098 variis
1620 1046 1872 1115 portubus
1899 1043 2317 1095 animadvertun-

179 1145 280 1196 tur,
327 1133 558 1184 indicare
600 1144 753 1204 atque
796 1137 1056 1205 explicare
1070 1157 1085 1198 3
1139 1139 1476 1207 quamobrem
1514 1136 1668 1206 hujus
1712 1137 1917 1208 generis
1960 1133 2316 1203 Phaenomenis

180 1221 498 1290 explicandis
537 1222 730 1274 diutius
767 1242 873 1275 non
909 1224 1262 1294 immoramur,
1303 1224 1422 1278 cum
1447 1225 1789 1278 consideratio
1813 1224 2043 1276 littorum
2070 1232 2122 1275 et
2145 1220 2316 1274 fluxus

179 1329 329 1380 aquae
356 1314 419 1360 eo
450 1322 631 1379 sponte
657 1312 801 1381 quasi
826 1313 1155 1365 manuducat.

250 1406 289 1468 ᾧ.
322 1410 438 1454 116.
481 1402 732 1463 Quamvis
757 1413 928 1454 autem
953 1414 1057 1455 tam
1083 1403 1303 1456 affluxus
1330 1424 1478 1475 aquae
1503 1423 1570 1457 ex
1597 1405 1810 1458 Oceano
1837 1404 2118 1465 Atlantico,
2160 1399 2315 1472 quam

177 1491 406 1542 refluxus
443 1510 537 1559 per
567 1492 777 1543 Fretum
806 1492 1032 1544 Galliam
1068 1494 1133 1544 ab
1172 1494 1364 1565 Angli&
1402 1495 1663 1559 dirimens,
1702 1495 1899 1566 ingenti
1924 1496 2015 1546 fiat
2040 1493 2313 1555 celeritate,

175 1593 356 1633 tamen
394 1580 513 1632 cum
551 1579 726 1633 versus
767 1582 1007 1653 Belgium
1044 1583 1352 1635 foederatum
1387 1603 1528 1636 mare
1553 1603 1678 1636 mox
1703 1585 2031 1636 vehementer
2056 1569 2313 1645 dilatetur,

175 1675 240 1726 ab
266 1675 366 1725 isto
393 1675 593 1726 alterno
618 1676 765 1726 fluxu
792 1694 852 1726 ac
877 1677 1078 1728 refluxu
1105 1677 1322 1729 altitudo
1354 1679 1509 1729 maris
1535 1679 1589 1729 in
1618 1678 1830 1730 Oceano
1860 1677 2174 1730 Germanico
2201 1693 2316 1727 sen-

175 1766 388 1818 sibiliter
425 1766 612 1817 mutari
649 1767 844 1836 nequit.
922 1768 1096 1837 Atque
1132 1767 1267 1819 hanc
1311 1769 1378 1819 ob
1423 1787 1628 1819 causam
1666 1769 1819 1819 statui
1864 1777 2083 1837 oportet,
2124 1767 2179 1818 in
2216 1765 2317 1816 hoc

176 1857 325 1908 mari·
346 1867 530 1909 aestum
566 1857 826 1926 proficisci
863 1858 1142 1909 maximam
1167 1868 1369 1927 partem
1395 1859 1459 1910 ab
1486 1859 1680 1910 affluxu
1706 1869 1757 1910 et
1781 1859 1983 1909 refluxu
2009 1876 2157 1927 aquae
2183 1856 2318 1909 circa

178 1949 425 2012 Scotiam,
466 1948 556 2000 ubi
594 1948 989 2000 communicatio
1025 1948 1177 2019 hujus
1215 1949 1370 2000 maris
1416 1968 1534 2001 cum
1579 1949 1793 2002 Oceano
1840 1948 2102 2000 Atlantico
2151 1947 2316 1998 multo

174 2038 337 2106 major
361 2047 502 2106 patet
511 2056 524 2099 3
552 2055 706 2106 quam
732 2037 1035 2088 sententiam
1062 2056 1383 2108 magnopere
1405 2038 1678 2089 confirmat
1705 2038 1886 2109 ingens
1911 2048 2131 2089 aestuum
2156 2047 2317 2088 retar-

181 2125 325 2177 datio
365 2125 432 2176 ad
468 2126 642 2176 littora
681 2125 851 2196 Belgii
886 2135 938 2177 et
976 2126 1184 2196 Angliae
1221 2126 1488 2178 orientalia
1513 2127 1809 2178 observata:
1850 2126 1917 2178 ad
1954 2126 2084 2178 ostia
2122 2125 2317 2176 scilicet

176 2213 439 2265 Thamisis
464 2212 713 2283 pertingit
731 2214 903 2265 fluxus
923 2213 1108 2282 elapsis
1125 2215 1233 2284 jam
1253 2214 1528 2267 duodecim
1552 2215 1693 2266 horis
1718 2224 1837 2283 post
1855 2214 2128 2266 transitum
2148 2214 2317 2266 Lunae

175 2321 270 2371 per
295 2301 661 2364 meridianum,
689 2312 842 2372 atque
869 2302 1168 2354 Londinum
1188 2323 1351 2373 usque
1371 2304 1534 2356 tribus
1554 2303 1659 2355 fere
1677 2304 1818 2355 horis
1843 2302 2040 2355 tardius
2061 2302 2315 2364 defertur3

178 2390 321 2461 quod
358 2389 741 2458 phaenomenon
780 2391 1058 2443 consistere
1093 2410 1199 2442 non
1234 2402 1409 2461 posset
1445 2393 1486 2444 si
1524 2411 1656 2462 aqua
1680 2410 1774 2461 per
1812 2393 2025 2444 Fretum
2054 2392 2317 2444 Gallicum

175 2479 349 2530 solum
374 2489 690 2543 moveretur,
714 2478 830 2532 cum
843 2481 953 2549 jam
971 2481 1026 2531 in
1044 2481 1156 2549 ipso
1176 2481 1332 2532 Freto
1357 2481 1630 2533 duodecim
1652 2481 1794 2532 horis
1820 2480 2112 2532 retardetur
2126 2481 2314 2531 fluxus.

126 2570 398 2621 NInterim
439 2580 611 2622 tamen
650 2570 831 2641 negari
871 2589 977 2622 non
1015 2580 1185 2640 potest
1222 2572 1347 2641 quin
1385 2572 1780 2624 communicatio
1819 2572 1986 2624 Maris
2016 2571 2316 2625 Germanici

154 2679 298 2735 *cum
320 2662 537 2715 Oceano
557 2664 820 2716 Atlantico
845 2681 939 2731 per
967 2663 1179 2715 Fretum
1208 2663 1468 2715 Gallicum
1494 2674 1675 2716 aestum
1702 2663 2083 2734 quodammodo
2111 2662 2312 2723 afficiat,

178 2760 332 2820 atque
356 2751 558 2802 fluxum
583 2752 670 2821 qui
697 2753 833 2803 circa
861 2751 1086 2804 Scotiam
1111 2751 1381 2803 advehitur
1408 2752 1488 2804 vel
1513 2753 1717 2821 adjuvet
1742 2753 1823 2803 vel
1848 2753 2036 2814 turbet,
2076 2762 2232 2820 prout
2258 2751 2315 2801 hi

176 2839 331 2903 ambo
356 2850 525 2891 motus
552 2841 619 2891 ad
643 2859 785 2892 mare
812 2840 1116 2892 elevandum
1141 2859 1201 2891 ac
1227 2840 1622 2908 deprimendum
1647 2841 1728 2892 vel
1752 2841 1915 2911 magis
1942 2839 2081 2906 inter
2104 2858 2161 2891 se
2187 2858 2308 2891 con-

178 2930 376 2998 spirent
399 2930 480 2982 vel
505 2932 692 2983 minus·
770 2931 935 2984 Simul
959 2941 1130 2983 autem
1154 2931 1276 2982 hinc
1302 2931 1601 3003 intelligitur
1620 2942 1805 2984 aestum
1828 2931 1983 2983 maris
2010 2950 2076 2982 ex
2100 2930 2314 2983 Oceano

181 3018 445 3070 Atlantico
480 3038 649 3089 neque
686 3038 803 3071 cum
841 3019 982 3072 Mari
1022 3020 1410 3073 Mediterraneo
1435 3039 1603 3091 neque
1629 3039 1745 3072 cum
1774 3019 1916 3073 Mari
1948 3019 2149 3071 Baltico
2175 3038 2314 3071 com-

178 3109 430 3160 municari
466 3128 634 3179 posse,
675 3108 793 3161 cum
816 3109 1085 3161 intervallo
1112 3129 1200 3161 sex
1225 3109 1473 3175 horarum
1497 3128 1592 3179 per
1621 3110 1777 3161 Freta
1804 3108 2072 3160 Herculea
2096 3117 2147 3159 et
2175 3107 2308 3160 Ore-

178 3198 394 3249 sundica
410 3208 610 3250 tantum
628 3218 776 3269 aquae
797 3200 850 3249 in
866 3199 981 3250 haec
1000 3199 1164 3250 maria
1178 3217 1346 3269 neque
1363 3199 1573 3250 affluere
1590 3207 1743 3268 queat
1756 3214 1924 3267 neque
1943 3195 2063 3247 inde
2078 3196 2312 3260 refluere,

177 3298 235 3339 ut
251 3287 501 3339 sensibilis
526 3290 742 3340 mutatio
766 3290 821 3340 in
846 3289 1118 3341 altitudine
1143 3308 1291 3359 aquae
1307 3290 1431 3341 oriri
1456 3299 1624 3359 queat.
1677 3287 2033 3350 Quamobrem
2056 3286 2109 3338 in
2136 3287 2308 3338 istius-

178 3376 321 3427 modi
355 3376 583 3427 maribus
609 3394 726 3446 quae
751 3396 782 3428 a
806 3387 950 3429 vasto
975 3395 1168 3429 oceano
1205 3387 1405 3430 tantum
1430 3378 1661 3448 angustis
1685 3376 1825 3428 fretis
1852 3385 2172 3445 separantur,
2212 3394 2310 3427 aes-

179 3476 262 3518 tus
291 3467 502 3517 omnino
526 3466 697 3518 nullus
725 3469 1023 3541 continge1e
1058 3479 1242 3537 potest,
1283 3470 1381 3521 nisi
1413 3470 1543 3522 forte
1568 3470 1690 3522 talia
1713 3470 1875 3522 maria
1900 3470 2081 3522 Tenis
2116 3467 2314 3520 inclusa

179 3553 295 3621 ipsa
319 3565 424 3605 tam
452 3555 553 3605 sint
579 3555 766 3623 ampla,
794 3566 855 3608 ut
878 3558 1011 3609 vires
1040 3557 1173 3609 Solis
1200 3575 1260 3608 ac
1287 3557 1455 3609 Lunae
1480 3567 1663 3610 aestum
1686 3557 2039 3628 peculiarem
2025 3575 2080 3609 1n
2104 3556 2165 3608 iis
2191 3572 2312 3624 pro-

181 3641 371 3693 duceie
397 3652 612 3712 queant3
652 3663 751 3713 qua
778 3644 842 3695 de
866 3663 923 3696 re
949 3664 1074 3697 mox
1099 3646 1401 3697 videbimus.

251 3735 291 3797 ᾗ.
324 3737 440 3786 117.
482 3731 937 3793 Quemadmodum
974 3745 1145 3788 autem
1182 3735 1403 3788 vidimus
1441 3737 1494 3788 in
1534 3736 1674 3790 Mari
1704 3738 2017 3790 Germanico
2055 3734 2314 3803 duplicem
