2528 4172
313 285 416 332 226
810 246 920 331 DE
959 276 1215 331 CAUSA
1261 278 1599 332 PHYsmA
1639 281 1955 336 FLUxus

312 442 414 495 tur,
455 450 565 484 esse
601 429 948 499 sphaeroidem
985 430 1213 482 oblatam
1250 431 1414 500 qualis
1451 432 1682 504 gignitur
1724 443 1869 485 motu
1908 436 2249 505 semi-ellipsis
2288 439 2334 490 Β
2361 459 2391 491 a
2413 441 2449 492 b

312 524 451 576 circa
503 540 655 574 axem
704 521 959 572 minorem
1011 521 1076 589 (si
1123 522 1337 572 materia
1382 522 1566 574 Terrae
1613 523 2019 593 pro-aequaliter
2062 526 2219 579 densa
2262 527 2450 580 habea-

309 612 416 678 tur)
482 610 947 663 semi-diametrum
1006 611 1281 680 aequatoris
1344 629 1455 662 esse
1512 612 1579 663 ad

284 702 634 762 ¹semi—axemv
658 711 716 753 ut
753 701 978 771 gravitas
1023 701 1117 752 sub
1160 701 1294 769 polis
1338 701 1393 751 in
1439 701 1572 753 Ter-

309 813 421 846 ram
460 805 538 846 est
575 793 642 846 ad
679 811 947 845 excessum
985 793 1249 864 gravitatis
1289 811 1445 861 supra
1473 793 1579 844 vim

310 882 650 954 centrifugam
688 883 784 934 sub
825 894 1102 953 aequatore,
1149 901 1337 951 corpus
1375 883 1430 932 in
1462 883 1578 934 loco

310 974 492 1045 quovis
538 975 584 1027 P
622 974 837 1026 tendere
875 972 1054 1025 versus
1100 973 1322 1024 Terram
1370 973 1422 1023 vi
1461 991 1578 1042 quae

308 1073 386 1115 est
436 1082 639 1132 semper
687 1073 745 1115 ut
787 1072 929 1114 recta
973 1063 1018 1114 P
1054 1062 1102 1114 L
1139 1061 1579 1130 perpendicularis

310 1154 478 1223 ellipsi
520 1153 831 1224 generatrici
871 1163 922 1204 et
962 1152 1047 1204 axi
1083 1152 1267 1220 majori
1304 1169 1599 1219 occurrens

306 1249 358 1298 in
417 1246 483 1309 L,
543 1256 594 1297 et
643 1263 940 1296 mensuram
995 1243 1218 1313 denique
1269 1243 1461 1315 gradus
1523 1245 1578 1295 in

306 1335 595 1387 meridiano
640 1353 751 1386 esse
802 1351 1004 1402 semper
1054 1342 1113 1383 ut
1163 1332 1325 1384 cubus
1370 1332 1601 1401 ejusdem
1644 1342 1799 1384 rectae
1845 1332 1891 1384 P
1933 1332 1997 1385 L.
2098 1331 2237 1384 Haec
2279 1336 2452 1385 omnia

313 1424 551 1478 accurate
602 1424 1024 1477 demonstrantur
1076 1442 1143 1474 ex
1196 1422 1295 1475 hac
1352 1423 1750 1492 Propositione;
1809 1443 1925 1495 quae
1969 1425 2200 1495 quamvis
2249 1425 2304 1476 in
2347 1426 2454 1477 dis-

309 1518 584 1588 quisitione
621 1517 686 1569 de
723 1515 891 1588 figura
929 1516 1113 1567 Terrae
1152 1513 1327 1566 eximii
1358 1513 1479 1567 usus
1523 1516 1639 1579 sint,
1685 1515 1770 1567 hic
1804 1515 1970 1567 obiter
1999 1525 2199 1567 tantum
2239 1534 2451 1568 monere

306 1609 561 1661 convenit.

1183 1786 1473 1840 LEMMA
1512 1788 1577 1840 V.

381 1948 464 2001 Sit
489 1948 658 2020 figura
684 1948 878 2020 quaevis
906 1949 957 2000 A
986 1948 1032 2000 Β
1050 1968 1111 1999 a:
1152 1948 1472 2000 describatur
1498 1947 1719 2000 circulus
1749 1948 1794 2000 C
1821 1949 1875 2001 N
1903 1949 1964 2001 H
1991 1956 2168 2000 centro
2195 1947 2262 2011 A,
2303 1946 2449 1998 radio

305 2041 489 2110 quovis
528 2041 650 2093 dato
689 2043 740 2093 A
770 2041 847 2104 C3
887 2059 953 2093 ex
993 2041 1043 2092 A
1080 2040 1331 2093 educatur
1365 2052 1504 2093 recta
1540 2042 1733 2112 quaevis
1771 2044 1823 2094 A
1852 2043 1911 2094 M
1953 2060 2228 2093 occurrens
2265 2041 2449 2112 figurae

305 2135 349 2185 A
387 2134 433 2185 B
459 2154 490 2185 a
526 2134 580 2185 in
619 2134 700 2198 M,
739 2145 791 2186 et
816 2134 1009 2185 circulo
1034 2134 1090 2184 in
1117 2133 1198 2196 N3
1263 2164 1326 2215 H

304 2222 407 2273 sint
442 2222 508 2273 M
536 2222 588 2283 Q
623 2232 673 2274 et
700 2222 753 2273 N
782 2223 831 2274 R
857 2222 1200 2291 perpendicu-
1285 2280 1288 2282 v

303 2314 440 2366 lares
479 2316 533 2365 in
570 2334 722 2366 axem
761 2315 940 2366 datum
980 2316 1092 2377 Aa,
1133 2315 1199 2366 sit

306 2406 359 2458 K
381 2407 431 2457 R
467 2425 672 2474 semper
705 2407 917 2476 aequalis
956 2406 1194 2457 abscissae

304 2494 356 2545 A
396 2495 465 2556 Q,
514 2505 564 2545 et
599 2495 676 2545 vis
716 2494 815 2564 quii
853 2494 1106 2562 particula
1145 2495 1196 2545 A

304 2596 521 2654 urgetur
565 2583 744 2636 versus
786 2580 1008 2636 solidum
1051 2595 1196 2636 motu

305 2675 490 2745 figurae
529 2676 581 2726 A
610 2676 656 2728 B
684 2695 714 2726 a
751 2675 888 2727 circa
913 2693 1063 2726 axem
1089 2675 1140 2725 A
1166 2694 1196 2726 a

302 2768 553 2838 genitum,
620 2768 717 2819 erit
765 2777 824 2819 ut
873 2786 993 2819 area
1042 2786 1198 2836 quam

300 2868 518 2927 generat
555 2857 793 2909 ordinata
833 2858 885 2909 K
916 2859 966 2910 R
1004 2856 1197 2909 directe

301 2957 352 2999 et
378 2947 554 2999 radius
582 2948 634 2999 A
663 2947 708 2999 C
734 2946 950 2999 inverse.

377 3040 636 3093 Occurrat
686 3040 787 3091 alia
835 3049 977 3091 recta
1028 3058 1095 3090 ex
1145 3040 1196 3090 A

301 3131 489 3182 educta
518 3130 703 3202 figurae
740 3131 795 3181 in
832 3149 885 3181 m
922 3139 973 3182 et
1007 3129 1198 3181 circulo

300 3222 354 3272 in
380 3241 433 3286 n,
476 3223 682 3293 sintque
719 3242 773 3274 m
798 3242 833 3293 q
869 3232 920 3274 et
954 3241 991 3272 n
1017 3240 1044 3272 r
1074 3239 1198 3273 nor-

300 3315 459 3365 males
477 3316 529 3366 in
550 3335 703 3368 axem
724 3317 774 3367 A
794 3336 840 3368 a.
890 3316 969 3368 Sit
985 3314 1039 3366 ·A
1062 3314 1103 3365 Z
1124 3331 1150 3363 Ζ
1167 3332 1198 3362 a
1755 3330 1817 3377 K
1829 3341 1883 3394 k

299 3404 400 3455 alia
427 3406 584 3457 sectio
611 3407 761 3459 solidi
786 3424 882 3475 per
907 3424 1074 3466 axem,
1112 3403 1194 3454 cui

298 3498 572 3547 occurrant
595 3497 753 3565 plana
780 3470 926 3549 A’M
949 3497 1010 3559 Z,
1037 3494 1087 3546 A
1116 3510 1170 3543 m
1205 3511 1232 3543 z
1258 3490 1356 3559 ipsi
1384 3489 1435 3540 A
1463 3486 1527 3539 M
1552 3505 1584 3537 a
1606 3481 1861 3535 normalia
1885 3480 1939 3532 in
1964 3479 2115 3531 rectis
2143 3478 2195 3530 A
2221 3477 2280 3540 Ζ,
2321 3476 2372 3528 Α
2395 3494 2440 3537 Ζ,

298 3603 415 3654 quae
442 3586 689 3638 circulum
717 3588 867 3639 radio
894 3588 945 3639 A
975 3586 1021 3638 C
1058 3586 1112 3635 in
1148 3584 1307 3652 plano
1333 3582 1385 3633 A
1414 3580 1456 3632 Z
1482 3598 1509 3630 z
1535 3598 1566 3629 a
1591 3577 1910 3645 descriptum
1935 3581 2110 3625 secent
2132 3572 2188 3622 in
2214 3570 2273 3621 X
2297 3578 2349 3620 et
2371 3586 2440 3628 x3

298 3672 522 3742 denique
548 3691 698 3725 arcus
727 3675 792 3726 M
811 3695 845 3735 Q
871 3674 1134 3727 circularis
1162 3680 1340 3723 centro
1366 3670 1418 3720 A
1443 3666 1731 3735 descriptus
1757 3672 1995 3716 occurrat
2020 3661 2071 3713 A
2086 3679 2138 3711 m
2163 3659 2217 3709 in
2242 3675 2290 3708 0.
2335 3655 2440 3706 His

296 3761 494 3830 positis,
534 3761 800 3813 minuatur
837 3762 1056 3832 angulus
1094 3769 1367 3812 contentus
1403 3755 1571 3827 planis
1612 3756 1663 3807 A
1690 3753 1756 3806 M
1781 3772 1828 3816 a,
1868 3753 1921 3803 A
1949 3751 1991 3803 Z
2016 3769 2062 3813 a,
2099 3758 2149 3799 et
2174 3745 2323 3798 simul
2350 3762 2440 3811 anf-
2494 3820 2502 3829 ·

296 3853 450 3924 gulus
481 3852 544 3905 M
563 3853 686 3905 Am
714 3851 883 3903 donec
908 3861 1230 3914 evanescant,
1260 3860 1311 3902 et
1336 3848 1517 3900 ultima
1541 3846 1674 3904 ratio
1699 3846 1774 3898 vis
1800 3843 1902 3914 qua
1926 3839 2177 3912 particula
2201 3839 2253 3889 A
2278 3835 2441 3914 tendit
