2528 4172
28 1713 31 1716 ἢ
118 1740 223 1793 His
249 1743 445 1810 positis,
475 1743 625 1794 eritv
661 1758 674 1796 :
716 1743 848 1796 K::
880 1743 993 1796 dT
1028 1759 1041 1797 ζ
1082 1744 1225 1806 ST3
1265 1752 1417 1814 atque
1447 1743 1647 1814 Kzg.

753 286 855 340 ET
895 285 1317 339 REFLUXUS
1358 282 1624 337 MARIS.
2155 279 2259 327 235

630 428 1103 482 PROPOSITIO
1139 424 1740 480 V.--PROBLEMA.

172 576 407 628 Invenire
432 577 527 626 vim
561 574 613 626 V
631 593 739 643 quoe
764 577 926 627 oritur
952 594 1012 626 em
1038 576 1280 643 inoequalz‘
1299 575 1559 642 gravitate
1574 572 1804 639 partium
1838 569 2012 620 Terrae
2035 561 2201 618 versz'cs

493 669 667 730 Solem,
696 676 744 719 et
770 669 977 734 definire
1002 686 1249 719 ascensum
1274 684 1419 735 aquae
1443 668 1559 717 lzz'nc
1584 666 1861 716 oriundum.

190 809 269 861 Sit
297 810 334 863 S
371 809 478 873 Sol,
518 809 569 862 T
597 810 779 873 Terra,
821 810 872 862 A
900 809 947 861 B
974 830 1005 862 a
1028 810 1063 861 b
1089 811 1257 862 orbita
1279 809 1475 861 lunaris
1500 807 1733 879 neglecta
1762 803 2167 864 excentricitate,
2212 801 2260 853 B

118 907 169 949 et
192 898 228 949 b
254 899 599 968 quadraturae.
676 899 932 971 Designet
958 901 995 953 S
1021 910 1225 969 tempus
1250 899 1578 968 periodicum
1606 898 1789 950 Terrae
1814 897 1952 948 circa
1980 895 2171 955 Solem,
2211 891 2260 943 L

113 998 315 1056 tempus
352 989 674 1057 periodicum
713 989 883 1040 Lunae
920 990 1057 1041 circa
1094 990 1332 1050 Terram,
1371 988 1619 1056 ltempus
1647 1005 1749 1056 quo
1778 986 1931 1038 Luna
1959 984 2095 1035 circa
2123 981 2259 1033 Ter-

115 1097 226 1130 ram
247 1080 604 1131 revolveretur
637 1080 691 1130 in
717 1080 909 1131 circulo
935 1080 1002 1130 ad
1029 1079 1324 1130 distantiam
1349 1077 1665 1128 mediocrem
1704 1076 1755 1127 T
1781 1076 1815 1126 d
1856 1078 1937 1143 (=
1972 1077 2004 1139 31¹³-
2038 1073 2082 1124 C
2114 1073 2163 1122 A
2198 1079 2252 1131 -Ι-

111 1171 144 1233 {5
177 1167 221 1218 C
250 1167 318 1233 B)
358 1168 400 1218 si
436 1178 606 1219 motus
642 1169 808 1220 Lunae
845 1169 1095 1239 gravitate
1134 1166 1225 1218 sua
1263 1164 1441 1218 versus
1484 1167 1656 1218 Solem
1694 1164 1989 1216 nullatenus
2026 1162 2263 1214 turbare-

112 1268 212 1320 tur,
241 1268 291 1309 et
325 1258 432 1310 sola
472 1261 722 1330 gravitate
755 1258 934 1311 versus
961 1260 1182 1311 Terram
1212 1259 1267 1309 in
1301 1258 1467 1310 orbita
1495 1259 1819 1310 retineretur.
2069 1249 2077 1257 ’

114 1347 372 1418 Designet
400 1349 559 1417 porro
589 1349 642 1401 K
679 1351 985 1421 gravitatem
1014 1349 1329 1402 mediocrem
1363 1350 1532 1401 Lunae
1567 1351 1648 1400 vel
1687 1350 1738 1401 T
1741 1368 1822 1401 er-

114 1455 187 1487 rae
224 1437 402 1488 versus
443 1439 633 1501 Solem,
673 1459 709 1510 g
745 1441 1050 1510 gravitatem
1084 1440 1251 1491 Lunae
1295 1438 1471 1490 versus
1509 1440 1730 1491 Terram
1766 1441 1823 1491 in

113 1527 363 1579 mediocri
397 1529 487 1580 sua
523 1521 781 1593 distantia,
822 1549 853 1581 v
881 1531 984 1580 vim
1021 1549 1174 1600 quam
1208 1530 1342 1581 actio
1376 1529 1510 1581 Solis
1544 1529 1666 1581 huic
1702 1549 1821 1600 gra-

114 1618 260 1669 vitati
316 1619 561 1688 adjiceret
624 1621 678 1671 in
733 1621 1062 1690 quadraturis
1118 1622 1186 1673 ad
1245 1620 1462 1673 eandem
1511 1621 1820 1681 distantiam.

1717 1798 1812 1849 SS

183 1867 290 1919 dT

125 1913 139 1951 ζ
183 1941 289 1947 .--
311 1918 376 1951 ex
401 1901 602 1972 vulgari
623 1900 857 1953 doctrina
876 1903 1065 1954 virium
1086 1901 1483 1972 centripetarum
1504 1922 1518 1964 3
1563 1902 1704 1954 unde
1746 1917 1778 1949 v
1806 1917 1821 1955 :

118 2062 155 2114 g
188 2058 236 2096 2:
275 2044 338 2095 11
374 2061 385 2097 :
428 2047 464 2098 S
494 2047 530 2098 S
574 2062 586 2100 Ξ
629 2046 852 2117 cumque
889 2048 952 2099 ll
989 2049 1054 2099 sit
1089 2048 1246 2117 paulo
1284 2047 1455 2100 minus
1490 2045 1642 2118 quam
1683 2046 1731 2097 L
1759 2044 1825 2109 L,
2083 2081 2177 2135 {fis

118 2132 364 2200 quoniam
405 2134 559 2185 Luna
595 2136 833 2186 nonnihil
869 2136 1170 2187 distrahitur
1195 2157 1225 2187 a
1252 2137 1417 2189 Terra
1448 2137 1699 2207 gravitate
1738 2135 1829 2186 sua

119 2220 175 2270 in
216 2221 405 2285 Solem,
445 2234 588 2291 patet
625 2225 727 2275 vim
764 2244 795 2276 v
832 2244 941 2277 esse
980 2226 1047 2277 ad
1081 2246 1118 2297 g
1150 2227 1204 2278 in
1228 2226 1386 2295 paulo
1411 2227 1600 2277 minori
1626 2226 1826 2277 ratione

119 2309 272 2380 quam
311 2312 359 2363 L
389 2313 436 2364 L
473 2314 538 2364 ad
580 2316 674 2367 SS.
753 2316 913 2367 Hanc
948 2327 1122 2368 autem
1161 2318 1415 2368 rationem
1451 2318 1525 2368 vis
1570 2336 1602 2367 v
1640 2316 1706 2368 ad
1747 2336 1784 2387 g
1819 2333 1973 2366 nemo
2015 2314 2268 2366 hactenus

120 2402 393 2471 (quantum
430 2406 571 2471 novi)
611 2406 848 2458 accurate
887 2407 1162 2471 definivit3,
1188 2427 1247 2458 ea
1273 2419 1447 2460 tamen
1470 2407 1686 2477 propior
1712 2406 1915 2457 videtur
1941 2424 2051 2457 esse
2075 2405 2266 2456 rationi

120 2496 244 2547 LL
283 2497 350 2548 ad
390 2498 426 2550 S
457 2499 493 2550 S
528 2507 579 2560 -Ι-
617 2506 647 2550 2
677 2499 801 2551 LL
837 2499 919 2551 vel
957 2492 1140 2551 saltem·
1173 2500 1361 2552 rationi
1400 2500 1524 2552 LL
1559 2499 1627 2550 ad
1667 2494 1771 2551 S'S
1806 2506 1858 2559 ÷
1893 2498 1925 2563 {-
1955 2497 2076 2549 LL
2113 2495 2269 2566 quam

119 2590 306 2641 rationi
332 2591 380 2643 L
407 2591 454 2643 L
481 2591 548 2643 ad
576 2592 612 2644 S
638 2594 691 2645 S.
776 2592 1100 2663 Argumenta
1127 2592 1250 2645 vero
1276 2593 1463 2663 quibus
1500 2591 1555 2643 id
1583 2590 1845 2660 colligitur
1869 2588 1956 2640 hic
1982 2587 2269 2640 omittenda

119 2696 321 2741 censeo,
350 2680 532 2730 moniti
570 2680 866 2731 Academiae
903 2681 1262 2732 illustrissimae
1300 2699 1516 2744 memor,
1557 2677 1677 2731 cum
1704 2680 1758 2729 in
1782 2677 1883 2729 hac
1910 2676 2269 2748 disquisitione

121 2768 268 2836 parvi
305 2768 370 2819 sit
406 2769 656 2819 momenti
694 2768 932 2837 quaenam
966 2769 1155 2821 harum
1188 2770 1454 2821 'rationum
1494 2768 1819 2819 adhibeatur.
1899 2768 2266 2835 Supponamus

120 2857 281 2928 igitur
318 2876 436 2909 cum
475 2858 731 2909 Newtono
757 2877 789 2908 v
815 2878 826 2909 ε
856 2877 892 2928 g
915 2878 963 2909 :2
994 2858 1043 2909 L
1071 2858 1118 2909 L
1153 2878 1164 2909 :
1205 2860 1241 2911 S
1273 2860 1309 2910 S
1345 2878 1388 2910 2:
1431 2862 1546 2926 (per
1583 2866 1853 2924 computos
1893 2856 2267 2908 astronomicos

120 2946 453 3015 periodorum
484 2947 616 2998 Solis
643 2965 703 2997 ac
730 2946 917 3011 Lunae)
951 2953 973 2997 1
1007 2966 1019 2997 ε
1053 2951 1297 3009 178,725.
1360 2946 1455 2997 Vis
1483 2946 1533 2998 V
1559 2964 1675 3015 quae
1701 2946 1755 2995 in
1782 2945 1965 2996 Terrae
1993 2945 2267 3012 superficie

122 3037 173 3089 vi
198 3055 230 3088 v
254 3037 546 3106 respondet,
576 3047 653 3088 est
677 3036 744 3087 ad
768 3056 815 3099 v,
845 3047 903 3087 ut
928 3036 1110 3088 Terrae
1137 3036 1541 3088 semi-diameter
1573 3036 1846 3088 mediocris
1874 3036 1940 3088 ad
1967 3035 2267 3088 distantiam

125 3126 293 3178 Lunae
329 3127 643 3184 mediocrem
678 3126 760 3178 vel
796 3136 855 3178 ut
896 3134 918 3177 1
956 3126 1022 3181 ad
1054 3130 1174 3194 6022.
1252 3127 1349 3179 Vis
1371 3138 1545 3179 autem
1577 3147 1613 3199 g
1638 3129 1745 3198 agit
1770 3126 2054 3179 secundum
2079 3137 2263 3190 rectaS,

128 3236 244 3287 quae
279 3217 333 3267 in
371 3227 558 3269 centrov
584 3217 849 3289 gravitatis
889 3217 1072 3268 Terrae
1108 3236 1169 3268 ac
1206 3217 1374 3283 Lunae
1402 3229 1745 3281 concurrunt,
1773 3219 1919 3287 cujus
1949 3218 2148 3269 ratione
2172 3218 2267 3269 ha-

124 3304 232 3357 bita
272 3323 340 3356 ex
374 3306 692 3357 incremento
728 3306 992 3376 gravitatis
1030 3307 1085 3360 in
1121 3306 1372 3358 descensu
1397 3307 1465 3359 ad
1490 3306 1818 3375 superficiem
1849 3307 2032 3358 Terrae
2068 3309 2267 3376 patebit

125 3396 231 3448 vim
256 3396 308 3448 V
333 3415 444 3449 esse
469 3398 536 3449 ad
564 3397 618 3449 G
655 3397 778 3467 (qua
815 3399 1039 3469 gravitas
1066 3399 1339 3451 mediocris
1372 3401 1427 3451 in
1454 3400 1725 3469 superficie
1752 3400 1934 3452 Terrae
1962 3401 2267 3471 designatur

124 3499 183 3539 ut
225 3480 400 3557 supra)
443 3498 502 3541 ut
549 3496 572 3541 1
622 3490 689 3542 ad
730 3500 1030 3546 38604600.
1108 3492 1267 3545 Unde
1307 3491 1427 3544 cum
1469 3511 1564 3560 per
1608 3493 1731 3544 Cor.
1774 3500 1823 3545 2.
1863 3493 2022 3562 Prop.
2057 3493 2162 3545 111.
2200 3494 2269 3546 sit

123 3580 608 3633 x:d::15V=8
640 3583 947 3651 G—57s52g
989 3586 1041 3636 V
1076 3585 1173 3636 erit
1207 3585 1262 3636 in
1298 3585 1400 3638 hoc
1437 3604 1559 3637 casu
1593 3605 1669 3637 x:
1710 3586 2263 3641 d::1:20589116.

131 3670 369 3740 Cumque
407 3673 808 3726 semi-diameter
845 3676 1029 3728 Terrae
1064 3675 1338 3727 mediocris
1365 3677 1428 3727 sit
1451 3676 1646 3745 pedum
1676 3683 1986 3741 196158003
2024 3678 2148 3729 hinc
2185 3697 2265 3730 se-

55 3807 57 3810 .
129 3762 302 3831 quitur
327 3772 492 3814 totum
518 3749 665 3833 aquie
691 3775 957 3820 ascensum
982 3785 1049 3819 ex
1074 3766 1125 3818 vi
1154 3766 1288 3819 Solis
1316 3766 1595 3818 oriundum
1621 3766 1731 3818 fore
1767 3767 1914 3836 pedis
1938 3768 2091 3819 unius
2120 3767 2267 3818 Pari-

0 3838 7 3847 ,

0 3951 42 4000 ’ἓ

37 4014 45 4026 t

0 3995 39 4124 ξ..

0 4107 31 4138 ις),
92 4128 93 4133 ,

0 4138 35 4172 R
41 4165 46 4172 .

127 3850 307 3902 siensis
333 3869 450 3903 cum
474 3852 673 3919 390055010535
698 3855 934 3923 partibus
958 3856 1121 3925 pedis,
1154 3856 1187 3908 i.
1216 3874 1260 3907 e.
1286 3856 1433 3925 pedis
1458 3856 1609 3909 unius
1637 3875 1754 3908 cum
1781 3857 1955 3929 digitis
1981 3857 2175 3919 decem,
2195 3847 2199 3851 Α
2216 3865 2267 3908 et

132 4113 136 4122 ι
