2528 4172
621 250 936 304 FLUXUS
974 247 1074 301 AC
1120 246 1543 300 REFLUXUS
1584 245 1850 297 MARIS.
2200 251 2303 297 329

168 395 545 464 adjudicantur,
574 403 726 462 atque
752 391 819 443 ad
843 409 1019 442 omnes
1045 389 1269 441 theorias
1295 388 1442 458 aeque
1468 389 1745 458 pertinent.
1810 387 2169 449 Quamobrem
2191 387 2311 438 ulti-

167 506 311 537 mum
344 486 444 538 hoc
485 487 657 555 Caput
697 484 1062 536 destinavimus
1099 481 1429 550 explicationi
1464 481 1929 549 phaenomenorum
1967 478 2311 548 quorumdam

170 575 521 646 singularium,
563 591 784 643 quorum
821 590 976 623 causa
1010 589 1116 621 non
1141 583 1244 621 tarn
1271 571 1325 620 in
1359 568 1470 638 Ipsa
1497 569 1629 639 aqua
1655 570 1958 637 viribusque
1983 587 2096 618 eam
2123 567 2312 624 sollici-

171 667 419 729 tantibus,
449 663 603 736 quam
627 666 681 716 in
708 662 875 716 Terra
902 662 1185 714 continenti
1209 661 1568 730 littoribusque
1593 669 1670 711 est
1697 659 2010 729 quaerenda:
2049 658 2149 709 hac
2174 658 2312 708 enim

166 768 314 826 parte
350 756 582 809 absoluta
618 756 749 808 nihil
785 753 1005 823 amplius
1032 764 1224 806 restare
1248 754 1468 816 videtur,
1508 753 1648 823 quod
1673 753 1753 804 vel
1780 752 1847 803 ad
1873 752 2090 812 theoriae
2114 761 2311 802 nostrae

173 845 632 908 confirmationem,
670 844 752 895 vel
789 844 855 895 ad
893 844 1125 894 omnium
1162 843 1627 912 phaenomenorum
1662 842 1986 912 adaequatam
2011 842 2314 910 explicatio-

167 954 286 986 nem
313 934 595 986 desiderari
622 944 790 1004 queat.
875 933 1125 994 Quamvis
1164 934 1303 984 enim
1339 931 1680 983 illustrissima
1708 932 1992 983 Academia
2022 941 2187 982 totum
2214 931 2315 982 hoc

167 1032 528 1093 argumentum
564 1040 670 1073 non
706 1020 911 1091 penitus
950 1021 1213 1073 exhauriri
1242 1022 1437 1091 jubeat,
1480 1020 1598 1073 cum
1638 1021 1811 1073 adhuc
1844 1021 2119 1073 nonnullas
2145 1041 2313 1091 quaes-

166 1114 330 1164 tiones
368 1113 433 1164 de
477 1113 660 1164 eodem
695 1113 749 1163 in
786 1112 1052 1181 posterum
1087 1130 1383 1181 proponere
1421 1093 1784 1175 constituisset,
1836 1122 2010 1164 tamen
2045 1114 2166 1182 quia
2212 1113 2314 1165 hoc

91 1218 94 1222 ·
164 1212 399 1271 tempore
437 1221 558 1254 vera
595 1221 748 1253 causa
782 1202 995 1272 physica
1034 1201 1370 1264 desideratur,
1411 1202 1680 1253 veritatem
1715 1212 1908 1254 nostrae
1946 1202 2163 1254 theoriae
2207 1221 2316 1253 non

166 1295 287 1345 satis
313 1294 611 1345 confirmari
636 1294 960 1356 arbitramur,
990 1292 1088 1344 nisi
1114 1294 1221 1362 ejus
1248 1293 1666 1345 convenientiam
1691 1312 1811 1344 cum
1831 1294 2071 1344 omnibus
2099 1293 2315 1362 phaeno-

164 1383 329 1435 menis
355 1382 579 1435 dilucide
605 1382 1010 1444 ostenderemus,
1052 1379 1172 1433 cum
1197 1382 1240 1432 si
1269 1381 1351 1432 vel
1381 1382 1593 1433 unicum
1622 1380 2004 1450 phaenomenon
2031 1380 2316 1454 refragare-

167 1484 269 1537 tur,
314 1493 378 1526 eo
420 1474 534 1543 ipso
573 1484 681 1525 tota
718 1473 918 1525 theoria
962 1473 1372 1534 subverteretur3
1413 1490 1567 1542 quam
1608 1473 1675 1523 ob
1715 1491 1923 1524 causam
1966 1472 2318 1540 prolixitatem

164 1575 360 1615 nostrae
394 1565 728 1627 tractationis,
769 1574 921 1634 atque
956 1564 1417 1634 transgressionem
1446 1563 1669 1616 limitum
1703 1564 2128 1632 praescriptorum
2163 1564 2316 1616 nobis

173 1652 283 1703 sine
311 1652 611 1704 difficultate
636 1652 985 1703 condonatum
1011 1652 1074 1702 iri
1101 1652 1423 1703 confidimus.

238 1747 277 1809 ᾗ.
311 1748 429 1794 113.
473 1740 709 1793 Primum
733 1752 905 1793 autem
930 1740 1263 1810 perspicuum
1289 1750 1380 1804 est,
1409 1750 1608 1793 motum
1633 1742 1789 1793 maris
1814 1741 2187 1794 horizontalem
2214 1762 2319 1812 quo

162 1831 246 1882 vel
270 1830 447 1882 versus
474 1832 725 1882 orientem
752 1832 833 1882 vel
859 1831 1179 1883 occidentem
1203 1831 1552 1902 progreditur,
1594 1833 1662 1884 ob
1690 1832 1912 1884 Terram
1948 1833 2312 1902 interpositam

166 1939 274 1972 non
313 1921 480 1972 solum
516 1921 825 1989 perturbari,
866 1919 1046 1971 verum
1073 1920 1223 1971 etiam
1252 1920 1564 1990 quandoque
1600 1939 1812 1989 prorsus
1844 1921 2083 1990 impediri
2112 1922 2318 1974 debere.

168 2010 339 2080 Supra
365 2012 503 2063 enim
529 2011 864 2074 ostendimus,
894 2012 937 2063 si
970 2021 1079 2062 tota
1105 2011 1275 2062 Terra
1299 2010 1432 2080 aqua
1467 2021 1600 2062 esset
1626 2011 1949 2074 circumfusa,
1989 2022 2102 2063 tum
2127 2013 2321 2082 ubique

164 2101 232 2152 a'd
267 2103 469 2153 fluxum
505 2101 834 2153 formandum
871 2120 1058 2171 aquam
1096 2101 1162 2152 ab
1199 2100 1399 2151 oriente
1435 2099 1622 2151 advehi
1662 2101 1871 2163 debere,
1913 2110 2034 2152 ante
2060 2102 2317 2152 refluxum

164 2201 337 2243 autem
377 2189 554 2243 versus
598 2200 769 2242 ortum
813 2190 1055 2242 defluere.
1131 2188 1294 2251 Quod
1331 2189 1373 2241 si
1416 2208 1543 2260 ergo
1581 2207 1803 2240 oceanus
1840 2188 2020 2241 versus
2056 2190 2312 2242 orientem

167 2280 347 2331 Terris
388 2279 706 2343 terminetur,
750 2280 863 2331 fieri
906 2280 1119 2331 omnino
1161 2280 1341 2349 nequit
1383 2288 1616 2348 tempore
1658 2278 1833 2330 fluxus
1878 2280 1946 2330 ad
1982 2280 2098 2331 haec
2141 2280 2318 2332 littora

164 2387 299 2438 aqua
334 2370 400 2421 ab
438 2371 635 2423 oriente
672 2370 861 2433 affluat,
901 2389 1004 2440 quo
1034 2371 1147 2438 ipso
1174 2388 1355 2421 cursus
1379 2389 1528 2440 aquae
1552 2369 1801 2421 naturalis
1827 2369 2035 2439 penitus
2061 2372 2318 2440 impedie-

165 2468 266 2509 tur.
344 2457 609 2520 Quoniam
633 2470 805 2512 autem
830 2460 962 2511 vires
993 2459 1126 2512 Solis
1153 2479 1213 2511 ac
1253 2459 1422 2511 Lunae
1448 2458 1783 2511 nihilominus
1813 2459 1895 2511 his
1933 2461 1988 2511 in
2014 2462 2317 2531 regionibus

165 2567 308 2600 mare
345 2551 578 2602 attollere
617 2561 885 2618 conantur,
926 2550 1165 2602 effectum
1203 2550 1450 2620 consequi
1489 2567 1596 2600 non
1634 2559 1898 2618 poterunt,
1940 2551 2041 2602 nisi
2082 2571 2216 2621 aqua
2252 2553 2319 2604 ab

166 2641 433 2694 occidente
458 2643 728 2695 afferatur:
770 2645 842 2695 sic
869 2644 1078 2713 quando
1104 2644 1170 2694 ad
1196 2644 1372 2694 littora
1399 2643 1630 2711 Europae
1656 2662 1789 2713 aqua
1814 2663 1846 2694 a
1870 2644 2066 2695 viribus
2097 2646 2231 2697 Solis
2257 2665 2318 2697 ac

168 2731 336 2781 Lunae
372 2732 613 2795 elevatur,
654 2752 787 2802 aqua
812 2734 877 2783 ab
903 2733 1168 2784 occidente
1195 2732 1257 2784 eo
1283 2733 1543 2784 deferatur
1567 2751 1784 2817 necesse¹
1803 2742 1895 2796 est,
1936 2734 2001 2784 ab
2027 2734 2088 2784 iis
2116 2735 2315 2786 scilicet

165 2821 477 2892 regionibUS,
519 2823 608 2874 ubi
646 2842 779 2892 aqua
804 2822 988 2874 eodem
1018 2832 1251 2890 tempore
1282 2822 1602 2891 deprimetur
1619 2842 1633 2883 3
1674 2822 1816 2891 quod
1851 2821 1990 2874 idem
2019 2823 2134 2874 fieri
2161 2824 2317 2877 debet

164 2911 231 2963 ad
266 2912 440 2964 littora
466 2912 660 2965 Africae
687 2924 737 2964 et
764 2914 1022 2965 Americae
1063 2913 1416 2964 occidentalia.
1497 2911 1695 2964 Contra
1719 2911 1844 2964 vero
1870 2913 1937 2964 ad
1964 2898 2143 2965 littora
2169 2915 2316 2966 Asiae

165 3013 215 3054 et
257 3003 514 3055 Americae
558 3004 826 3055 orientalia
869 3022 1003 3073 aqua
1045 3002 1267 3053 naturali
1313 3012 1458 3053 motu
1502 3002 1708 3066 feretur,
1757 3012 1911 3072 atque
1953 3003 2009 3053 in
2050 3004 2199 3054 fluxu
2248 3006 2314 3056 ab

165 3092 361 3143 oriente
386 3092 636 3156 adveniet,
667 3093 721 3143 in
746 3093 949 3144 refluxu
974 3092 1098 3144 vero
1124 3090 1304 3143 versus
1330 3092 1579 3143 orientem
1607 3091 1828 3144 recedet.
1906 3093 2059 3143 Vires
2086 3111 2312 3163 namque

168 3181 301 3233 Solis
339 3201 399 3233 ac
437 3182 605 3234 Lunae
642 3193 842 3234 motum
879 3201 1029 3253 aquae
1065 3181 1438 3233 horizontalem
1474 3200 1581 3233 non
1617 3199 1712 3250 per
1738 3200 1791 3233 se
1816 3181 2178 3246 determinant,
2220 3183 2313 3234 sed

165 3256 374 3322 eatenus
411 3280 629 3335 tantum,
669 3272 921 3343 quatenus
947 3271 1058 3323 aliis
1093 3271 1148 3322 in
1185 3270 1312 3322 locis
1339 3289 1527 3340 aquam
1552 3271 1808 3334 attollunt,
1837 3270 1949 3322 aliis
1974 3270 2100 3322 vero
2127 3271 2313 3323 eodem

167 3367 401 3427 tempore
444 3358 774 3428 deprimunt3
838 3371 993 3431 atque
1037 3378 1172 3430 aqua
1214 3359 1284 3411 ob
1323 3360 1590 3428 propriam
1632 3360 1937 3430 gravitatem
1981 3378 2100 3411 eum
2145 3360 2314 3432 seligit

166 3456 382 3510 motum,
423 3465 527 3517 quo
563 3447 801 3500 facillime
838 3468 871 3500 a
904 3449 1032 3501 locis
1059 3449 1244 3519 quibus
1271 3449 1592 3517 deprimitur,
1621 3450 1687 3500 ad
1712 3450 1826 3501 loca
1850 3450 2036 3520 quibus
2061 3450 2315 3504 attollitur

165 3548 561 3606 promoveatur:
600 3540 937 3611 quamobrem
973 3542 1069 3594 iste
1107 3551 1277 3594 motus
1316 3540 1542 3593 maxime
1580 3561 1611 3593 a
1637 3542 1817 3594 Terris
1855 3560 2107 3595 oceanum
2146 3545 2313 3596 inclu—

168 3626 409 3681 dentibus
435 3628 806 3683 determinetur
831 3650 1041 3683 necesse
1066 3642 1158 3684 est.
1237 3632 1383 3684 Hinc
1408 3633 1566 3704 igitur
1590 3634 1859 3703 perspecta
1884 3636 2138 3704 positione
2172 3636 2311 3687 litto-

172 3732 291 3765 rum
330 3717 553 3784 cujusvis
590 3719 746 3770 maris
783 3718 931 3772 facile
955 3720 1162 3772 definiri
1198 3723 1403 3790 poterit,
1444 3740 1473 3774 a
1500 3742 1722 3792 quanam
1745 3724 1899 3795 plaga
1927 3745 2060 3795 aqua
2084 3726 2137 3775 in
2163 3726 2309 3776 fluxu

172 3805 357 3869 venire,
400 3825 747 3880 quorsumque
784 3809 838 3861 in
875 3811 1080 3864 refluxu
1116 3811 1366 3864 decedere
1404 3812 1604 3879 debeat,
1646 3815 1688 3866 si
1724 3814 1882 3867 modo
1921 3815 2227 3867 elevationes
2258 3827 2308 3868 et
