2528 4172
142 278 323 329 LIBER
343 275 639 339 Tmrrms]
699 275 1098 328 PRINCIPIA
1136 273 1750 327 MATHEMATICA.

139 415 415 467 diametros
453 415 743 485 adaugebit,
783 432 935 465 axem
970 414 1110 465 vero
1131 415 1384 465 descensu
1421 432 1514 464 suo
1548 413 1615 463 ad
1650 412 1797 480 polos
1835 409 2099 459 diminuet.

2191 276 2257 322 55

2178 408 2263 457 Sic

139 503 283 555 Jovis
320 502 567 554 diameter
606 502 1063 569 (consentientibus
1102 512 1518 553 astronomorum
1555 499 2013 562 observationibus)
2057 496 2264 547 brevior

141 592 546 660 deprehenditur
570 592 704 641 inter
728 592 878 659 polos
905 592 1059 662 quam
1085 592 1149 643 ab
1175 592 1371 643 oriente
1395 592 1449 642 in
1475 591 1807 641 occidentem.
1884 588 2084 639 Eodem
2110 605 2264 656 argu-

109 734 125 741 „
140 692 334 743 mento,
374 681 473 731 nisi
511 680 683 733 Terra
712 691 891 733 nostra
913 681 1070 750 paulo
1096 681 1245 731 altior
1270 689 1403 731 esset
1428 678 1522 729 sub
1548 688 1807 747 aequatore
1832 675 1984 745 quam
2011 674 2075 724 ad
2098 673 2262 741 polos,

113 771 308 828 *maria
340 768 407 824 ad
442 767 592 841 polos
631 771 968 833 subsiderent,
1007 780 1058 821 et
1086 771 1238 838 juxta
1275 776 1588 837 aequatorem
1626 764 1964 826 ascendendo,
1998 763 2069 813 ibi
2094 761 2265 812 omnia

146 865 472 917 inundarent.

546 1126 1015 1181 PRoPoslTlo
1055 1125 1218 1178 XIX,
1298 1088 1728 1176 PROBLEMA
1766 1122 1869 1174 111.

182 1300 415 1351 Invenire
436 1301 812 1368 proportionem
836 1299 948 1350 axis
970 1300 1195 1365 planetae
1219 1297 1289 1347 ad
1313 1298 1578 1347 diametros
1603 1296 1756 1347 eidem
1777 1292 2230 1360 perpendiculares.

224 1521 547 1574 Norwoodus
584 1531 760 1574 noster
796 1520 930 1572 circa
968 1538 1160 1572 annum
1204 1526 1338 1572 1635
1376 1515 1723 1569 mensurando
1752 1512 2045 1565 distantiam
2080 1509 2273 1578 pedum

150 1611 559 1665 Londinensium
592 1618 729 1668 9057
736 1619 796 1664 51
838 1612 972 1662 inter
997 1609 1300 1662 Londinum
1326 1616 1377 1658 et
1403 1607 1714 1666 Eboracum,
1743 1622 1803 1654 ac
1828 1598 2149 1652 observando
2176 1596 2273 1647 dif-

77 1763 83 1771 .
147 1701 415 1754 ferentiam
458 1703 787 1756 latitudinum
831 1709 863 1753 2
908 1720 986 1772 gr.
1033 1702 1135 1752 28‘.
1175 1698 1381 1769 collegit
1412 1713 1709 1755 vmensuram
1746 1690 1937 1763 gradus
1974 1689 2125 1739 unius
2165 1705 2276 1737 esse

148 1791 343 1858 pedum
369 1792 779 1844 Londinensium
808 1798 1034 1853 367196,
1062 1789 1116 1840 id
1142 1799 1219 1841 est
1243 1787 1628 1856 hexapedarum
1656 1781 2020 1836 Parisiensium
2046 1784 2237 1833 57300.

225 1880 296 1947 (†)
326 1881 559 1932 Picartus
585 1880 933 1932 mensurando
958 1897 1134 1930 arcum
1160 1875 1352 1948 gradus
1377 1876 1529 1926 unius
1556 1883 1606 1925 et
1632 1873 1730 1923 22².
1761 1871 1875 1923 55⁰.
1903 1870 1957 1937 in
1989 1866 2275 1917 meridiano

147 1968 282 2018 inter
309 1968 623 2020 Ambianum
650 1979 701 2020 et
727 1968 1109 2029 Malvoisinam‚
1148 1966 1344 2016 invenit
1378 1982 1554 2015 arcum
1587 1959 1777 2032 gradus
1804 1959 1955 2008 unius
1981 1974 2090 2007 esse
2115 1953 2275 2004 hexa-

203 2130 264 2182 (†)
287 2133 307 2155 ’¹‘
331 2133 507 2175 Picartus
524 2134 776 2171 mensurando
802 2146 938 2170 arcum
1041 2132 1185 2169 invenit

148 2197 286 2221 arcum
303 2184 446 2231 gradus
464 2187 584 2224 unius
607 2199 682 2223 esse
700 2188 829 2234 hexap.
847 2188 987 2223 57060.
1032 2186 1051 2206 '¹‘
1073 2183 1185 2220 Circa

151 2236 251 2272 hanc
273 2236 414 2274 Picarti
432 2250 650 2275 mensuram
669 2237 960 2282 observandum,
981 2236 1035 2272 ill.
1060 2234 1185 2273 Cassi-

147 2300 243 2325 num
256 2288 450 2338 juniorem
468 2290 685 2328 distantiam
704 2297 918 2327 terrestrem
936 2289 1035 2326 inter
1061 2288 1182 2336 paral-

147 2340 242 2390 lelos
271 2341 513 2379 Malvoisinae
540 2350 578 2380 et
600 2342 783 2380 Ambiani
809 2347 861 2379 42
888 2344 973 2379 hex.
997 2341 1181 2377 imminu-

146 2392 287 2431 endam
318 2394 502 2438 statuisse,
537 2395 665 2443 ipsum
703 2394 793 2433 vero
825 2407 958 2432 arcum
990 2393 1182 2431 coelestem

146 2454 300 2494 propter
324 2446 569 2485 refractiones
600 2447 666 2498 l—{J‘
691 2460 772 2485 esse
796 2446 1046 2498 augendum;
1079 2445 1184 2482 unde

147 2510 258 2536 arcus
284 2499 426 2549 gradus
451 2501 570 2537 unius
594 2499 718 2538 evadit
736 2502 872 2549 hexap.
898 2504 1038 2539 57010.
1100 2499 1184 2536 Nov-

146 2550 298 2589 vissime
318 2551 408 2590 vero
436 2554 488 2590 D.
512 2553 561 2591 de
582 2553 976 2602 Maupertuisnarcurn
995 2551 1185 2590 coelestem

149 2603 249 2641 inter
268 2604 445 2643 Lutetias
464 2613 502 2643 et
523 2606 763 2643 Ambianum
782 2605 951 2649 metitus,
970 2605 1097 2642 multo
1114 2604 1188 2641 mi-

146 2664 279 2693 norem
298 2670 388 2694 eum
406 2658 652 2707 deprehendit
670 2657 787 2708 quam
815 2671 895 2696 esse
913 2657 1104 2695 debuisset
1129 2670 1188 2694 se-

148 2708 321 2746 cundum
358 2712 637 2748 observationes
677 2712 832 2756 Picarti‚
879 2723 996 2760 quare
1033 2711 1188 2747 servatis

146 2762 336 2799 mensuris
362 2764 598 2801 terrestribus
627 2763 781 2809 Picarti,
809 2776 942 2801 arcum
960 2763 1077 2800 unius
1095 2775 1180 2813 gra-

148 2813 221 2851 dus
239 2818 368 2853 57183
387 2816 472 2854 hex.
492 2816 767 2855 determinavit.
808 2817 909 2854 Haee
927 2816 1044 2865 paulo
1057 2815 1183 2853 fusius

152 2873 242 2904 sunt
259 2866 485 2907 diducenda.

203 2919 237 2956 1.
288 2919 391 2958 Cum
426 2934 607 2960 mensura
643 2921 787 2960 Picarti
818 2935 841 2960 a
871 2921 1104 2960 Malvoisina
1134 2921 1182 2959 ad

153 2971 392 3010 Sourdonem
422 2974 612 3023 procedat,
643 2982 682 3013 et
713 2976 803 3013 hinc
831 2975 881 3013 ad
917 2975 1181 3021 Ambianum3

152 3024 328 3063 Picartus
346 3026 563 3065 distantiam
583 3040 606 3064 a
626 3028 859 3066 Malvoisina
872 3027 920 3066 ad
942 3027 1183 3066 Sourdonem

147 3089 216 3124 per
234 3077 329 3115 duas
348 3080 630 3130 triangulorum
648 3081 762 3118 series
782 3081 1011 3119 determinat
1022 3095 1034 3126 ;
1062 3093 1183 3118 unam

149 3130 380 3189 praecipuam
407 3140 517 3170 vocat
542 3133 725 3182 quoniam
752 3147 798 3172 ea
823 3133 905 3183 ipsa
931 3140 1011 3172 erat
1029 3132 1107 3183 qua
1124 3133 1183 3170 uti

150 3181 319 3230 primum
346 3186 606 3232 constituerat,
634 3186 700 3224 sed
727 3185 818 3224 cum
845 3186 990 3237 aliquid
1007 3185 1115 3223 dubii
1142 3186 1185 3223 in

151 3232 198 3270 ea
215 3236 453 3283 observasset,
474 3238 631 3276 alteram
648 3238 826 3285 instituit,
846 3251 960 3289 quam
980 3238 1097 3287 priori
1115 3251 1183 3276 an-

151 3288 316 3334 teposuit
332 3290 423 3339 quia
448 3291 755 3329 observationum
773 3292 815 3328 in
833 3291 880 3330 ea
897 3292 1083 3329 factarum
1103 3303 1183 3329 cer-

151 3338 231 3399 tior
251 3339 321 3377 sibi
346 3341 544 3381 videbatur
567 3350 606 3381 et
629 3343 801 3383 accurate
819 3344 1076 3382 consentiebat
1093 3356 1184 3381 cum

151 3392 233 3451 basr
250 3393 424 3440 proxima
442 3403 530 3433 actu
547 3396 766 3434 mensurata
781 3412 790 3435 ε
812 3395 881 3435 Ill.
893 3395 982 3435 vero
1002 3397 1183 3435 Cassinus

153 3443 370 3482 distantiam
396 3447 494 3485 inter
518 3448 718 3497 parallelos
744 3450 986 3488 Malvoisinae
1005 3456 1042 3487 et
1064 3450 1180 3487 Sour-

153 3507 264 3546 donis
291 3521 338 3546 ex
369 3510 484 3558 priori
513 3512 607 3551 serie
638 3502 877 3559 determinat¹
899 3502 1064 3567 68325}
1090 3515 1177 3551 hex.

153 3561 249 3598 dum
278 3563 452 3600 eamdem
488 3563 705 3603 distantiam
739 3566 927 3611 Picartus,
958 3568 1021 3605 cui
1052 3566 1107 3604 ill.
1134 3566 1183 3604 de

154 3614 398 3662 Maupertius
416 3616 655 3667 suffragatur,
674 3618 766 3656 facit
783 3620 869 3657 hex.
893 3623 1035 3659 68347.

208 3668 406 3706 Differunt
439 3668 579 3706 iterum
618 3670 791 3709 Picartus
826 3679 864 3710 et
906 3671 1185 3710 illustrissimus

157 3719 338 3758 cassinus
355 3720 366 3758 i
372 3734 397 3775 [ι
414 3720 594 3759 distantia
611 3722 710 3759 inter
731 3724 969 3762 Sourdonem
987 3732 1025 3762 et
1046 3724 1183 3762 Ambi-

153 3783 285 3820 anum,
312 3786 404 3823 eam
432 3774 535 3812 euim
566 3774 785 3814 distantiam
818 3776 994 3817 Picartus
1025 3789 1072 3816 ex
1105 3776 1184 3815 suis

1238 2139 1426 2178 mensuris
1453 2141 1542 2178 hex.
1580 2125 1740 2188 111615}
1768 2134 1925 2180 invenit,
1968 2131 2151 2171 Cassinus
2185 2127 2275 2189 vero

1239 2195 1324 2231 hex.
1369 2194 1548 2244 11135{:
1599 2190 1827 2229 discriminis
1862 2194 1993 2226 autern
2028 2185 2145 2234 hujus
2180 2189 2277 2219 ratio

1240 2246 1384 2295 duplex
1406 2253 1470 2291 est,
1492 2258 1583 2284 nam
1602 2244 1693 2282 cum
1712 2251 1871 2291 uterque
1885 2238 2099 2288 triangulos
2112 2236 2276 2272 formare

1236 2299 1394 2348 incipiat
1419 2298 1460 2335 in
1487 2298 1588 2335 linea
1614 2311 1700 2347 quae
1726 2293 1962 2342 intercipitur
1986 2294 2085 2327 inter
2107 2288 2275 2326 Sourdo-

1237 2364 1328 2389 nem
1349 2358 1387 2388 et
1406 2351 1588 2388 Montem
1610 2348 1870 2392 Desiderium‚
1899 2346 1953 2382 ill.
1982 2342 2163 2381 Cassinus
2190 2352 2285 2400 eamr

1236 2404 1378 2442 lineam
1397 2404 1555 2441 assumit
1573 2405 1660 2441 hex.
1685 2400 1814 2450 7116}
1828 2400 1940 2449 juxta
1957 2397 2121 2445 priorem
2140 2405 2277 2453 seriem

1238 2457 1519 2507 triangulorum
1543 2456 1697 2501 Picarti‚
1714 2461 1750 2491 et
1774 2453 1948 2490 Picartus
1966 2449 2124 2485 alteram
2139 2458 2277 2483 seriem

1240 2510 1469 2548 verificatam
1496 2521 1563 2557 per
1586 2508 1707 2546 basim
1734 2506 1948 2555 proximam
1968 2509 2055 2539 actu
2076 2511 2275 2558 mensura-

1242 2570 1322 2599 tam
1340 2572 1584 2611 anteponens,
1614 2573 1699 2598 eam
1726 2561 1867 2597 lineam
1897 2554 2026 2604 7122}
2050 2552 2270 2612 hex3fac1t:

1242 2615 1332 2652 cnm
1353 2614 1442 2661 γετὸ
1461 2613 1618 2652 diversis
1636 2611 1836 2663 triangulis
1857 2610 1946 2647 inde
1965 2609 2013 2646 ad
2035 2607 2275 2665 Ambianum

1241 2669 1302 2705 usi
1320 2668 1405 2712 sint,
1435 2669 1477 2705 in
1494 2668 1541 2704 iis
1557 2666 1759 2715 triangulis
1777 2662 1941 2701 occurrit
1959 2658 2153 2718 sensibilis.
2164 2657 2274 2694 diffe-

1240 2722 1363 2759 rentia
1379 2735 1465 2773 quae
1483 2734 1563 2758 sese
1581 2719 1706 2768 prodit
1732 2719 1773 2755 in
1801 2715 1944 2766 angulo
1966 2711 2155 2752 Sourdom
2175 2709 2275 2747 facto

1234 2773 1334 2811 inter
1360 2775 1480 2812 lineas
1496 2773 1587 2810 inde
1606 2772 1654 2810 ad
1677 2770 1914 2809 Ambianum
1933 2775 1972 2805 et
1993 2767 2171 2803 Montem
2193 2763 2274 2799 De-

1235 2827 1419 2865 siderium
1438 2834 1645 2876 protensas,
1664 2836 1754 2861 narn
1772 2823 1805 2859 is
1827 2822 1979 2859 Picarto
1991 2826 2049 2856 est
2067 2815 2175 2875 1570.
2196 2816 2269 2853 56'.

1241 2880 1320 2917 10”.
1340 2880 1508 2931 angulus
1525 2886 1655 2916 autem
1673 2877 1775 2914 idem
1792 2889 1813 2912 a
1831 2874 1989 2913 Cassino
2001 2871 2275 2908 determinatur

1240 2932 1351 2971 1570.
1375 2931 1552 2978 53'.'80'',
1581 2944 1627 2969 ex
1646 2929 1724 2980 qua
1751 2925 1966 2967 differentia
1986 2925 2031 2962 2'.
2056 2921 2138 2959 40¹¹.
2162 2927 2200 2979 et
2226 2933 2273 2957 ex

1236 2987 1370 3024 baseos
1388 2986 1488 3024 inter
1509 2983 1748 3023 Sourdonem
1767 2989 1807 3019 et
1827 2982 2005 3018 Montem
2030 2973 2273 3033 Desiderium

1238 3037 1465 3085 diversitate,
1496 3038 1585 3075 oriri
1616 3036 1741 3085 potuit
1768 3034 1972 3072 discrimen
2001 3027 2098 3066 illud
2128 3038 2169 3062 m
2196 3025 2272 3063 dis-

1238 3090 1361 3129 tantia
1379 3091 1479 3129 inter
1500 3090 1739 3128 Sourdonem
1758 3095 1796 3125 et
1817 3085 2066 3123 Ambianum.

1286 3144 1339 3181 In
1365 3157 1457 3182 arcu
1485 3151 1614 3181 autem
1642 3141 1781 3179 coelesti
1808 3152 1831 3176 a
1860 3138 2013 3175 Picarto
2039 3139 2270 3176 mensurato,

1238 3196 1476 3235 refractionis
1493 3195 1763 3234 correctionem
1782 3190 1935 3229 adhibet
1956 3187 2137 3246 Cassinus
2155 3198 2273 3245 quam

1238 3250 1459 3300 neglexerat
1489 3250 1686 3293 Picartus3
1726 3244 1817 3283 cum
1844 3255 1935 3292 ergo
1962 3242 2166 3278 invemsset
2196 3238 2272 3275 d1s-

1237 3302 1399 3340 tantiam
1416 3315 1522 3354 genu
1544 3300 1755 3348 Cassiopeae
1774 3311 1796 3334 a
1813 3296 1939 3333 zenith
1958 3293 2033 3332 loci
2050 3292 2091 3328 in
2109 3303 2187 3341 quo
2201 3292 2273 3351 pb-

1239 3356 1421 3400 servabat,
1450 3363 1489 3393 et
1506 3354 1573 3404 qui
1592 3360 1671 3391 erat
1692 3356 1738 3388 18
1757 3351 1844 3386 hex.
1868 3344 2100 3387 Malvoisina
2118 3343 2272 3381 mer1d1-

1244 3408 1392 3446 onalior
1408 3407 1467 3448 90.
1485 3408 1557 3446 59‘.
1575 3406 1632 3445 5''.
1651 3416 1780 3441 versus
1797 3400 2104 3449 septentrionem,
2123 3403 2161 3434 et
2179 3395 2271 3456 cum

1234 3460 1320 3509 ejus
1337 3461 1457 3498 stellae
1470 3458 1688 3498 distantiam
1705 3469 1729 3494 a
1746 3454 1870 3492 zenith
1888 3453 1962 3490 loci
1981 3456 2030 3491 75
2049 3452 2134 3488 hex.
2158 3461 2273 3486 merl-

1236 3512 1436 3551 dionaliori
1451 3511 1569 3563 quam
1583 3510 1683 3547 aedes
1699 3498 1883 3546 Ambiaffi
1897 3505 1956 3545 80.
1975 3504 2046 3544 36’.
2069 3503 2148 3542 10”.
2163 3502 2271 3563 inve-

1236 3565 1365 3611 nisset,
1394 3577 1526 3603 arcum
1544 3565 1642 3601 inter
1659 3561 1786 3599 zenith
1804 3572 1937 3598 eorum
1962 3559 2135 3596 locorum
2155 3561 2270 3613 Juxta

1239 3617 1513 3656 Malvoisinam
1545 3623 1584 3655 et
1617 3615 1855 3653 Ambianum
1890 3613 2143 3659 interceptum
2178 3608 2271 3645 fecit

1239 3669 1417 3709 Picartus
1438 3669 1495 3708 10.
1520 3668 1592 3706 22¹.
1614 3667 1697 3707 55'‘.
1721 3674 1765 3705 ut
1782 3667 1896 3704 refert
1916 3666 2142 3703 Newtonus.

1292 3721 1443 3761 Verum
1474 3729 1627 3771 propter
1659 3719 1925 3758 refractionem
1960 3714 2156 3766 augendas
2190 3725 2271 3751 esse

1231 3775 1306 3816 has
1332 3776 1527 3816 distantias
1555 3789 1579 3813 a
1608 3773 1735 3813 zenith
1766 3772 1899 3811 statuit
1929 3771 2119 3812 cassinus,
2150 3767 2203 3805 ita
2226 3773 2271 3803 ut
