2528 4172
282 273 396 309 xxx
1080 249 1635 305 INTRODUCTIO
2123 247 2283 311 [CAP.
2313 239 2418 297 ΙΙΙ.

356 405 439 454 37.
481 399 585 451 His
620 396 818 465 positis,
857 395 1006 446 facile
1051 405 1130 447 est
1171 394 1487 446 micrometri
1523 411 1675 444 usum
1712 390 2016 460 intelligere.
2112 388 2209 439 Est
2249 398 2422 439 autem

279 487 669 538 micrometrum
693 484 1093 534 instrumentum
1130 482 1271 551 quod
1296 482 1350 532 in
1375 481 1491 532 foco
1515 480 1667 531 lentis
1694 478 1960 547 objectivae
1987 476 2253 543 telescopii
2277 486 2423 544 apta-

279 585 365 628 tur
407 576 475 627 ad
518 572 900 644 magnitudines
946 581 1251 639 apparentes
1298 588 1415 640 quae
1458 569 1683 640 gradum
1724 585 1888 617 unum
1923 565 2007 618 vel
2044 565 2267 636 gradum
2304 583 2421 615 cum

278 666 487 719 semisse
513 683 619 715 non
645 666 906 731 superant,
946 660 1302 713 dimetiendas.
1402 659 1549 711 Illius
1584 657 2021 710 constructionem
2046 673 2201 725 quam
2230 654 2303 707 D.
2331 654 2421 707 De

277 755 330 806 la
358 754 496 806 Hire
532 753 588 803 in
614 751 834 803 Tabulis
862 750 1238 802 Astronomicis
1281 748 1440 799 veluti
1488 747 1664 799 usibus
1708 744 2087 798 Astronomicis
2130 761 2421 794 accommo-

282 845 537 897 datiorem
586 843 746 907 dedit,
810 842 1106 893 referemus
1210 840 1429 891 Constat
1478 856 1544 889 ex
1594 833 1795 888 duobus
1846 834 2055 905 quadris
2105 833 2421 904 rectangulis

281 951 503 1003 quorum
551 932 771 983 alterum
809 931 860 982 A
888 931 934 983 C
962 929 1010 983 B
1036 930 1109 992 D,
1156 937 1215 980 ut
1252 927 1536 997 plurimum
1577 924 1956 996 longitudinem
1997 923 2156 974 habet
2198 923 2421 973 duorum

275 1023 525 1092 pollicum
561 1041 680 1073 cum
718 1021 927 1072 semisse
954 1029 1005 1071 et
1029 1015 1360 1070 latitudinem
1387 1016 1540 1067 unius
1564 1014 1767 1084 pollicis
1794 1031 1913 1065 cum
1940 1012 2165 1063 semisse.
2244 1011 2421 1080 Hujus

276 1110 477 1180 quadri,
517 1110 680 1162 latera
715 1109 874 1179 longa
910 1108 961 1160 A
987 1108 1060 1169 D,
1105 1106 1150 1159 C
1180 1106 1245 1169 B,
1285 1106 1341 1157 in
1376 1113 1552 1174 partes
1589 1103 1811 1173 aequales
1837 1110 1889 1152 et
1914 1099 2063 1151 tertia
2088 1109 2237 1168 parte
2269 1099 2421 1150 unius

273 1198 477 1267 pollicis
504 1198 638 1250 inter
664 1216 717 1248 se
743 1197 991 1248 distantes
1018 1195 1336 1256 dividuntur,
1375 1191 1445 1244 ita
1472 1201 1647 1243 tamen
1672 1199 1731 1241 ut
1754 1189 1906 1240 lineae
1933 1189 2101 1239 ductae
2125 1206 2219 1256 per
2246 1188 2423 1258 singu-

277 1286 355 1337 las
382 1285 659 1337 divisiones
686 1283 789 1336 sint
813 1281 881 1335 ad
904 1282 1067 1334 latera
1093 1282 1143 1333 A
1164 1281 1236 1344 D,
1269 1280 1314 1332 C
1335 1279 1399 1342 Β,
1426 1276 1895 1347 perpendiculares·
1968 1273 2133 1326 Hisce
2160 1274 2422 1325 divisioni-

279 1375 373 1427 bus
415 1374 504 1426 fila
543 1374 703 1426 serica
745 1371 877 1425 bene
917 1382 1063 1424 tensa
1102 1370 1441 1440 applicantur,
1487 1368 1916 1439 glutinanturque
1961 1365 2094 1416 cera.
2190 1365 2419 1423 Additur

1421 1509 1472 1559 G
1591 1508 1650 1560 11
2218 1531 2292 1583 H

583 2205 620 2263 Β
712 2206 760 2266 d
854 2207 893 2270 f
1414 2228 1415 2232 ’
1465 2244 1515 2295 Ε
1590 2244 1641 2294 T.

279 2344 427 2396 filum
465 2346 690 2397 sericum
733 2345 786 2397 K
825 2346 889 2408 L,
943 2347 1138 2398 dictum
1188 2324 1545 2410 transversale,
1599 2347 1740 2418 quod
1776 2347 1843 2400 ad
1879 2345 2097 2419 angulos
2134 2356 2301 2399 rectos
2338 2345 2427 2397 fila

281 2433 534 2502 parallela
576 2433 739 2485 modo
777 2434 1035 2503 descripta
1071 2455 1100 2486 a
1136 2435 1189 2498 b,
1229 2453 1257 2485 c
1285 2435 1336 2498 d,
1377 2455 1406 2487 e
1431 2435 1465 2499 f,
1507 2427 1601 2488 &a
1643 2447 1782 2489 secet
1817 2447 1869 2488 et
1904 2437 1959 2488 in
1995 2436 2169 2488 medio
2205 2436 2427 2488 laterum

287 2523 340 2575 A
369 2524 433 2586 C,
477 2524 523 2576 B
551 2524 606 2577 D
645 2525 947 2595 glutinatur.
1025 2525 1265 2576 Alterum
1304 2525 1560 2595 quadrum
1606 2526 1653 2577 E
1694 2527 1738 2578 F
1781 2525 1843 2578 H
1872 2525 1926 2578 G
1968 2527 2111 2595 cujus
2154 2525 2427 2596 longitudo

283 2611 332 2663 E
362 2612 406 2664 F
442 2631 549 2664 non
588 2623 798 2681 superat
833 2631 997 2663 unum
1033 2612 1275 2680 pollicem
1310 2631 1429 2664 cum
1464 2613 1688 2676 semisse,
1725 2614 1797 2665 ita
1820 2614 1984 2682 priori
2008 2613 2427 2664 accommodatur

280 2709 340 2751 ut
384 2701 492 2769 ejus
536 2701 700 2753 latera
741 2702 788 2753 E
828 2703 889 2766 F,
933 2703 986 2755 G
1014 2703 1090 2765 H,
1129 2714 1435 2756 moveantur
1474 2723 1633 2773 super
1668 2705 1830 2756 latera
1855 2704 1907 2756 A
1934 2704 2008 2763 D,
2041 2705 2086 2756 C
2114 2704 2176 2766 B,
2218 2703 2425 2755 alterius

281 2789 467 2859 quadri
495 2809 592 2842 nec
619 2791 684 2842 ab
710 2791 823 2860 ipso
850 2802 1170 2860 separentur.
1256 2793 1436 2845 Facies
1454 2793 1607 2862 hujus
1635 2793 1848 2845 secundi
1867 2792 2049 2863 quadri
2076 2811 2191 2861 quae
2210 2792 2426 2843 divisam

282 2880 467 2931 faciem
505 2880 694 2948 prioris
733 2881 958 2949 respicit,
999 2882 1089 2933 filo
1128 2882 1283 2933 etiam
1321 2883 1485 2934 serico
1525 2892 1577 2934 et
1614 2893 1761 2935 tenso
1793 2882 1831 2933 h
1858 2883 1923 2945 L,
1952 2882 2237 2944 instruitur,
2267 2881 2423 2951 quod,

281 2968 402 3021 cum
443 2980 681 3022 movetur
724 2970 980 3040 quadrum
1019 2970 1212 3041 ubique
1257 2971 1444 3039 prioris
1486 2971 1672 3042 quadri
1716 2971 1815 3022 filis
1856 2969 2161 3039 parallelum
2201 2979 2422 3030 maneat,

281 3078 443 3128 eaque
488 3059 839 3128 superlabitur
882 3077 1038 3128 quam
1080 3058 1337 3128 proxime,
1383 3078 1481 3111 nec
1525 3069 1699 3112 tamen
1745 3059 1818 3110 eis
1863 3057 2101 3110 occurrit.
2196 3056 2425 3108 Cochlea

286 3149 476 3201 deinde
506 3150 568 3201 M
596 3151 665 3214 N,
704 3150 854 3203 lateri
881 3150 928 3201 B
954 3150 1027 3211 D,
1055 3149 1305 3220 longioris
1335 3149 1521 3220 quadri
1548 3149 1789 3220 affigitur,
1819 3148 1962 3217 cujus
1989 3146 2222 3197 striatum
2249 3164 2424 3214 recep-

280 3239 509 3291 taculum
542 3240 694 3292 lateri
734 3241 778 3293 F
806 3241 868 3293 H
904 3240 1111 3292 alterius
1149 3239 1383 3291 adhaeret
1419 3249 1470 3291 et
1501 3240 1558 3290 in
1594 3239 1844 3308 foramine
1869 3236 2094 3290 rotundo
2120 3236 2423 3291 circumvol-

283 3328 430 3379 vitur.
509 3330 738 3382 Cochlea
775 3332 985 3401 ejusque
1010 3330 1395 3399 receptaculum
1419 3328 1662 3381 auriculis
1692 3330 1745 3392 S,
1780 3330 1834 3394 S,
1859 3328 2167 3380 instructum
2192 3328 2264 3381 ita
2288 3331 2424 3382 inter

281 3437 335 3469 se
369 3418 536 3487 aptari
562 3413 765 3472 ‘debent
791 3432 849 3472 ut
874 3411 1256 3488 receptaculum
1282 3428 1334 3470 et
1360 3418 1617 3489 quadrum
1644 3417 1692 3469 E
1722 3418 1798 3481 H,
1826 3435 1893 3468 ne
1918 3397 2190 3468 minimum
2215 3418 2423 3487 quidem

280 3509 477 3559 moveri
500 3509 679 3576 possit,
708 3510 809 3561 nisi
843 3510 1154 3580 receptaculi
1190 3520 1336 3561 motu
1373 3493 1741 3561 conversionis,
1818 3508 2094 3570 Quadrum
2119 3509 2171 3561 A
2200 3507 2246 3559 C
2279 3502 2419 3571 BD,

282 3597 546 3666 telescopii
583 3599 806 3668 cujusvis
841 3600 1182 3672 longitudinis
1216 3600 1344 3652 tubo
1380 3600 1436 3651 in
1460 3599 1701 3651 distantia
1744 3598 1847 3650 foci
1880 3600 2146 3669 objectivae
2175 3599 2325 3650 lentis
2352 3596 2422 3650 ita

284 3697 490 3755 aptatur
527 3698 585 3739 ut
621 3689 782 3758 ipsius
821 3691 1006 3760 quadri
1041 3692 1261 3760 planum
1295 3690 1725 3760 perpendiculare
1765 3691 1830 3743 sit
1865 3692 1932 3743 ad
1957 3689 2218 3758 telescopii
2254 3707 2420 3767 axem.

291 3779 395 3831 His
421 3779 459 3831 it
462 3799 491 3829 a
517 3781 824 3846 constitutiS,
857 3781 1235 3851 telescopium
1220 3800 1275 3833 m
1300 3780 1489 3833 coelum
1515 3790 1844 3834 convertatur
1869 3792 1921 3834 et
1944 3779 2016 3833 ita
2039 3780 2340 3848 disponatur
2367 3789 2421 3830 ut
