2528 4172
270 321 333 366 18
739 318 1310 372 PHILOSOPHIAE
1349 319 1805 373 NATURALIS
1914 319 2033 384 [DE
2062 319 2225 372 MUN.
2258 321 2410 372 SYsr.

262 459 521 513 aberratio
559 459 716 531 quarn
751 461 968 514 minima
1003 483 1034 514 a
1070 463 1271 514 ratione
1309 463 1572 532 duplicata
1609 468 1724 533 (per
1763 462 1939 514 Corol.
1962 469 2008 512 1.
2040 462 2197 531 Prop.
2231 463 2410 515 XLV.

261 551 381 604 Lib.
411 552 476 617 Ι.)
514 562 715 625 motum
754 552 995 622 apsidum
1019 554 1074 606 in
1101 554 1314 626 singulis
1339 556 1747 608 revolutionibus
1771 555 2068 617 notabilem,
2097 555 2153 605 in
2176 554 2412 623 pluribus

261 659 526 693 enormem
546 640 747 694 efficere
772 641 999 694 deberet.
1046 693 1050 714 ἰ

686 849 1163 903 PROPOSITIO
1203 852 1309 904 ΙΙΙ.
1387 851 1842 905 THEOREMA
1883 852 1988 905 III.

268 992 394 1055 Vim,
424 990 523 1060 qud
548 993 703 1044 Luna
727 997 975 1046 retinetur
1002 998 1056 1046 in
1084 996 1199 1046 orbe
1222 1013 1324 1058 8250,
1351 999 1596 1063 respicere
1626 999 1856 1059 Terram,
1887 1004 1937 1047 et
1961 1015 2060 1047 esse
2084 992 2337 1063 reciproce
2359 1004 2415 1045 ut

682 1088 982 1153 quadratum
1009 1087 1269 1137 distantiae
1293 1089 1505 1137 locorum
1534 1087 1598 1137 ab
1627 1089 1782 1153 ipsius
1808 1093 1991 1137 centro.

334 1242 486 1294 Patet
511 1244 806 1296 assertionis
832 1263 953 1313 pars
978 1247 1124 1314 prior
1148 1265 1244 1315 per
1268 1247 1655 1316 phaenomenon
1681 1256 1903 1308 sextum,
1935 1255 1986 1296 et
2002 1245 2414 1314 propositionem

258 1332 540 1382 secundam
574 1333 653 1383 vel
693 1334 897 1384 tertiam
933 1334 1054 1386 libri
1090 1335 1277 1403 primi:
1318 1347 1368 1387 et
1404 1355 1525 1404 pars
1549 1336 1807 1404 posterior
1831 1354 1927 1404 per
1951 1345 2152 1386 motum
2177 1335 2411 1386 tardissi-

258 1439 401 1471 mum
446 1421 640 1473 lunaris
687 1424 905 1493 apogaei.
985 1425 1124 1475 Nam
1161 1435 1334 1476 motus
1369 1426 1470 1488 ille,
1513 1426 1602 1495 qui
1636 1426 1852 1496 singulis
1886 1425 2297 1476 revolutionibus
2336 1436 2414 1477 est

256 1511 517 1581 graduum
561 1521 763 1563 tantum
801 1513 959 1564 trium
997 1525 1048 1565 et
1080 1514 1404 1565 minutorum
1437 1515 1596 1565 trium
1633 1514 1687 1564 in
1727 1513 2110 1583 consequentia,
2154 1514 2414 1564 contemni

256 1610 446 1668 potest.
514 1601 665 1651 Patet
691 1601 829 1651 enim
858 1606 974 1670 (per
1005 1603 1181 1654 Corol.
1214 1610 1259 1654 1.
1290 1603 1448 1671 Prop.
1480 1603 1658 1654 XLV.
1688 1603 1806 1654 Lib.
1838 1603 1904 1668 Ι.)
1933 1602 2074 1672 quod
2101 1602 2143 1653 si
2168 1602 2415 1654 distantia

258 1688 428 1739 Lunae
453 1708 484 1739 a
509 1699 688 1740 centro
709 1690 896 1741 Terrae
923 1691 989 1743 sit
1014 1692 1081 1742 ad
1108 1692 1547 1743 semidiametrum
1575 1693 1758 1743 Terrae
1784 1702 1843 1742 ut
1869 1692 1925 1743 D
1953 1692 2020 1742 ad
2050 1699 2071 1742 1
2098 1711 2112 1753 3
2151 1692 2228 1743 vis
2255 1712 2286 1743 a
2311 1692 2412 1762 qua

249 1772 428 1830 ‘motus
467 1779 582 1830 taHs
621 1780 818 1831 oriatur
857 1781 922 1831 sit
954 1781 1219 1850 reciproce
1245 1792 1304 1832 ut
1330 1782 1384 1833 D
1414 1781 1562 1847 ἓξὲξ,
1591 1782 1646 1832 id
1674 1792 1763 1844 est,
1795 1779 2058 1848 reciproce
2084 1790 2142 1831 ut
2168 1800 2229 1831 ea
2253 1781 2414 1849 ipsius

256 1870 314 1922 D
340 1870 564 1941 dignitas
591 1871 736 1939 cujus
765 1870 924 1922 index
952 1882 1029 1923 est
1050 1872 1198 1936 2233,
1217 1871 1319 1922 hoc
1347 1882 1438 1934 est,
1462 1872 1515 1921 in
1537 1872 1735 1922 ratione
1758 1871 2016 1922 distantiae
2036 1870 2195 1939 paulo
2219 1872 2413 1939 majore

258 1960 416 2031 quam
456 1961 716 2031 duplicata
761 1962 980 2025 inverse,
1026 1963 1118 2014 sed
1153 1982 1271 2033 quae
1313 1963 1549 2031 partibus
1590 1963 1695 2026 59}
1731 1961 1974 2030 proprius
2002 1961 2070 2012 ad
2096 1961 2413 2030 duplicatam

258 2048 414 2118 quam
452 2049 520 2100 ad
545 2050 858 2118 triplicatam
897 2051 1110 2103 accedit.
1189 2051 1373 2103 Oritur
1412 2050 1537 2102 vero
1579 2051 1643 2101 ab
1678 2050 1880 2101 actione
1918 2049 2052 2101 Solis
2091 2052 2171 2117 (ut
2194 2048 2413 2117 posthac

258 2141 481 2207 dicetur)
522 2151 574 2193 et
608 2152 889 2211 propterea
924 2142 1012 2193 hic
1049 2142 1393 2212 negligendus
1421 2151 1511 2192 est.
1584 2140 1648 2209 (b)
1671 2140 1827 2201 Actio
1858 2140 1992 2192 Solis
2020 2138 2273 2208 quatenus
2304 2139 2412 2192 Lu-

259 2249 382 2284 nam
409 2231 650 2283 distrahit
675 2251 706 2282 a
733 2230 919 2296 Terra,
961 2231 1021 2300 (θ)
1052 2241 1129 2282 est
1164 2241 1222 2283 ut
1253 2230 1496 2283 distantia
1534 2229 1703 2282 Lunae
1730 2249 1761 2280 a
1787 2227 1954 2280 Terra
1981 2228 2410 2297 quamproxime3

257 2369 358 2423 foi-te
376 2385 519 2424 actioni
537 2393 688 2424 mutuae
706 2386 921 2425 vicinorum
941 2387 1186 2436 planetarum
1204 2389 1306 2426 inter

257 2445 324 2486 se;
366 2440 420 2476 sic
456 2439 551 2477 cum
582 2452 686 2477 anno
719 2445 820 2479 1705
857 2441 1048 2478 Saturnus
1080 2448 1118 2478 et
1149 2442 1177 2479 J
1180 2442 1307 2490 upiter

258 2493 456 2543 conjuncti
475 2493 633 2539 fuerint,
655 2502 694 2531 et
718 2492 809 2531 cum
831 2493 985 2531 nonnisi
1004 2494 1177 2544 quinque
1195 2496 1307 2532 annis

257 2545 473 2596 nonaginta
492 2546 676 2596 gradibus
695 2561 718 2584 a
737 2560 776 2584 se
795 2555 935 2584 mutuo
963 2546 1174 2593 discedant,
1203 2555 1309 2596 patet

257 2598 364 2649 qu'od
382 2601 430 2637 ab
449 2611 553 2637 anno
572 2604 672 2638 1698
688 2601 735 2638 ad
752 2612 902 2637 annum
921 2605 1020 2639 1708
1036 2597 1193 2648 Jupiter
1207 2603 1309 2638 inter

262 2652 393 2690 Solem
413 2659 451 2690 et
473 2653 687 2690 Saturnum
712 2660 793 2690 erat
815 2661 999 2699 versatus,
1029 2654 1189 2703 ejusque
1208 2655 1308 2691 actio

258 2705 300 2742 in
333 2705 547 2743 Saturnum
580 2706 765 2757 adjuncta
793 2706 919 2744 fuerat
951 2707 1091 2744 actioni
1134 2707 1233 2745 Solis
1266 2707 1308 2744 in

262 2759 500 2806 Saturnum3
530 2759 656 2808 posito
683 2768 816 2798 autem
843 2759 946 2809 quod
971 2759 1103 2797 revera
1125 2761 1181 2797 vis
1210 2760 1309 2797 Solis

260 2812 301 2849 in
332 2812 546 2850 Saturnum
574 2812 768 2851 decrescat
786 2813 1004 2850 secundum
1024 2814 1209 2863 quadrata
1229 2813 1308 2850 dis-

260 2864 482 2916 tantiarum,
512 2873 552 2904 et
580 2866 691 2904 Jovis
715 2866 1005 2913 interpositione
1030 2867 1107 2903 vim
1132 2866 1309 2917 qualem-

259 2931 429 2969 cumque
442 2919 501 2956 illi
520 2918 610 2956 addi
630 2932 717 2969 quae
736 2919 776 2956 X
793 2919 955 2966 dicatur,
974 2932 1021 2957 ex
1040 2919 1310 2969 Propositione

244 2972 401 3029 =XLV.
431 2972 548 3021 primi
571 2972 683 3011 Libri
711 2973 914 3011 habebitur
945 2973 1136 3024 angulum
1168 2973 1310 3023 apsidis

938 3039 993 3123 v
1022 3036 1203 3155 232}

504 3197 561 3229 est
596 3188 737 3228 fractio
771 3188 937 3240 ideoque
963 3187 1030 3227 ille
1056 3188 1227 3239 angulus
1253 3196 1311 3228 est

258 3071 348 3110 imae
377 3084 470 3111 cum
502 3070 658 3110 summa
683 3083 765 3109 esse
787 3070 912 3109 1803‘.

264 3162 282 3196 1
325 3158 379 3210 -Ι-
425 3158 470 3196 X

265 3227 281 3261 1
305 3224 358 3275 -f-
380 3229 404 3261 3
428 3224 470 3261 Χ

260 3275 389 3314 minor
421 3276 552 3314 lgogr.
571 3275 790 3327 regreditur
813 3275 944 3326 itaque
969 3273 1069 3324 apsis
1093 3286 1140 3312 ex
1160 3274 1219 3312 his
1236 3275 1308 3324 hy-

259 3330 485 3378 pothesibus
501 3328 617 3377 plane
638 3337 683 3367 ut
700 3329 963 3368 observatione
990 3335 1161 3367 constat:
1184 3328 1309 3379 <unde

261 3395 341 3420 non
369 3381 531 3421 obscure
557 3382 756 3433 colligitur
784 3382 1026 3432 apheliorum
1055 3381 1222 3419 fixarum
1247 3393 1308 3418 re-

257 3435 393 3484 spectu
421 3436 530 3485 quies
560 3437 735 3487 (semotis
753 3436 814 3474 his
832 3434 1136 3474 accidentalibus
1162 3433 1305 3483 causis)

262 3502 307 3527 ac
325 3502 392 3537 per
412 3501 650 3538 consequens
668 3489 776 3540 quod
795 3489 895 3528 vires
913 3489 1054 3539 quibus
1071 3487 1239 3536 planetae
1258 3487 1305 3524 ad

266 3542 397 3580 Solem
425 3543 686 3588 retrahuntur,
716 3549 808 3580 sunt
833 3542 876 3580 in
894 3540 1091 3591 duplicat-‘i⁴
1110 3540 1310 3578 distantia-

261 3608 351 3633 rum
370 3595 517 3634 ratione
543 3594 737 3642 accurate,
756 3595 949 3646 siquidem
968 3595 1000 3633 si
1018 3594 1080 3632 vel
1098 3593 1181 3632 una
1198 3606 1308 3631 sexa-

261 3647 411 3699 gesima
437 3656 544 3698 parte
571 3648 772 3686 accederet
801 3649 900 3687 ratio
917 3662 939 3687 a
959 3646 1158 3698 duplicata
1176 3646 1226 3685 ad
1244 3646 1311 3684 tri-

261 3702 458 3751 plicatam,
489 3701 641 3752 apsides
666 3702 790 3740 tribus
818 3702 868 3739 ad
894 3702 1105 3739 minimum
1130 3699 1316 3753 gradibus

261 3754 597 3804 progrederentur,
633 3762 679 3793 ut
709 3755 1020 3793 demonstratum
1055 3754 1134 3794 fuit
1164 3754 1209 3792 in
1236 3752 1316 3792 fine

261 3808 377 3858 primi
401 3808 546 3848 Coroll.
575 3809 691 3858 Prop.
716 3812 808 3847 45³³·
829 3808 916 3847 Lib.
945 3808 981 3847 Ι.

1415 2386 1470 2437 (b)
1493 2388 1515 2410 *
1537 2383 1647 2424 Actio
1674 2386 1765 2424 Solis
1789 2383 1978 2436 quatenus
2001 2385 2162 2422 Lunam
2186 2384 2361 2421 distrahit
2386 2396 2411 2420 a

1367 2439 1503 2479 Τεννᾶ.
1565 2442 1585 2464 *
1616 2439 1755 2477 Motus
1773 2439 1924 2489 apogaei
1942 2436 2088 2474 lunaris
2105 2435 2311 2473 uniformis
2329 2448 2410 2473 non

1361 2500 1428 2538 est,
1464 2493 1532 2530 sed
1563 2492 1773 2542 aliquando
1806 2492 1990 2541 procedit,
2019 2489 2227 2539 aliquando
2251 2489 2409 2535 recedit,

1362 2545 1572 2596 aliquando
1603 2545 1774 2594 quiescit,
1805 2546 1871 2583 sed
1889 2545 1943 2583 ita
1960 2550 2006 2582 ut
2024 2543 2204 2580 omnibus
2226 2555 2410 2591 compen-

1362 2600 1452 2637 satis
1470 2600 1752 2649 progrediatur,
1774 2606 1812 2636 et
1831 2606 1917 2635 octo
1936 2605 2006 2635 aut
2023 2608 2163 2634 novem
2182 2596 2294 2632 annis
2311 2600 2404 2634 560.

1361 2665 1419 2703 gr.
1454 2653 1709 2701 percurrerit;
1738 2651 1880 2701 pariter
1909 2659 1948 2689 et
1974 2650 2075 2688 actio
2104 2649 2203 2687 Solis
2225 2647 2304 2699 qua
2324 2648 2409 2686 Lu-

1361 2718 1453 2743 nam
1481 2706 1658 2744 distrahit
1686 2719 1710 2743 a
1741 2703 1863 2743 Terra
1891 2717 1973 2742 non
2000 2711 2056 2741 est
2083 2701 2280 2748 continua,
2307 2702 2409 2740 actio

1365 2758 1466 2796 Solis
1498 2759 1658 2796 Lunam
1687 2773 1710 2796 a
1743 2757 1867 2797 Terra
1902 2756 2078 2795 distrahit
2111 2755 2206 2793 dum
2236 2755 2354 2793 Luna
2386 2768 2410 2792 a

1362 2811 1520 2862 syzygia
1547 2825 1627 2850 non
1654 2812 1743 2861 plus
1766 2810 1884 2862 quam
1904 2814 1967 2851 55.
1992 2809 2174 2860 gradibus
2201 2809 2290 2846 hinc
2317 2808 2409 2846 inde

1365 2865 1549 2911 discessit,
1579 2866 1679 2903 circa
1698 2865 1951 2917 quadraturas
1969 2861 2059 2901 vero
2077 2862 2177 2900 actio
2199 2861 2409 2899 Solis-cum

1367 2919 1499 2957 Terrae
1513 2919 1740 2957 attractione
1768 2919 1970 2963 consentit,
1987 2917 2222 2965 Lunamque
2240 2914 2290 2952 ad
2312 2915 2347 2952 T
2348 2926 2408 2950 er-

1363 2984 1449 3009 ram
1480 2973 1647 3017 attrahit,
1686 2972 1753 3010 sed
1789 2979 1886 3010 tunc
1921 2979 1961 3009 et
1991 2968 2154 3007 debilior
2185 2975 2242 3005 est
2273 2974 2312 3004 et
2339 2979 2409 3015 per

1363 3026 1564 3073 pauciores
1599 3025 1746 3076 gradus
1780 3025 1874 3075 agit,
1929 3021 2050 3074 quam
2086 3021 2186 3059 circa
2222 3019 2407 3070 syzygias,

1363 3079 1454 3117 hinc
1473 3079 1634 3117 effectus
1651 3079 1718 3129 qui
1736 3078 1897 3116 resultat
1913 3075 2057 3126 pendet
2075 3087 2122 3112 ex
2141 3073 2291 3112 actione
2309 3073 2409 3111 Solis

1363 3131 1444 3181 qua
1464 3133 1582 3170 Luna
1599 3130 1835 3170 distrahitur.
1896 3130 2007 3183 (Lib.
2032 3128 2067 3166 Ι.
2094 3127 2212 3176 Prop.
2237 3126 2403 3165 LXVI.

1367 3186 1457 3224 Cor.
1481 3191 1518 3225 6.
1544 3191 1578 3225 7.
1604 3190 1640 3223 8.
1664 3197 1755 3222 cum
1774 3182 1911 3236 notis.)

1418 3238 1474 3290 (⁰)
1499 3241 1519 3263 ¹*
1551 3241 1622 3278 Est
1652 3245 1697 3277 ut
1723 3239 1901 3276 distantia
1929 3237 2060 3275 Lunoe
2085 3248 2109 3272 a
2144 3231 2264 3273 Terre?
2287 3247 2408 3284 quam

1355 3291 1536 3342 pros-ime.
1590 3294 1611 3316 ⁸*
1635 3291 1798 3339 Propter
1816 3297 1969 3334 motum
1990 3287 2157 3326 Telluris
2176 3299 2267 3324 cum
2287 3284 2408 3324 Luna

1363 3344 1464 3382 circa
1486 3344 1628 3390 Solem,
1658 3344 1791 3382 omnia
1814 3349 1960 3392 puncta
1984 3340 2130 3381 lunaris
2157 3341 2291 3378 orbitae
2318 3352 2407 3377 suc-

1362 3396 1504 3436 cessive
1540 3399 1794 3435 obvertuntur
1833 3393 1926 3442 Soli,
1964 3401 2004 3434 et
2034 3401 2234 3432 versantur
2271 3393 2312 3430 in
2344 3404 2406 3442 sy-

1362 3449 1486 3501 zygia,
1524 3458 1657 3499 postea
1692 3447 1783 3488 vero
1819 3449 1862 3486 in
1897 3446 2142 3499 quadratura,
2164 3454 2204 3485 et
2238 3445 2331 3484 cum
2361 3458 2408 3484 ea

1364 3504 1487 3541 orbita
1523 3515 1602 3541 non
1638 3502 1687 3541 sit
1718 3501 1888 3540 circulus
1927 3500 2039 3552 cujus
2078 3500 2198 3538 Terra
2233 3498 2282 3536 sit
2316 3510 2407 3536 cen-

1365 3564 1483 3603 trum,
1511 3563 1617 3605 patet
1641 3563 1787 3604 puncta
1818 3554 2062 3605 syzygiarum
2089 3561 2128 3591 et
2156 3551 2407 3602 quadratura-

1366 3622 1468 3654 rum,
1491 3622 1597 3647 nunc
1611 3608 1794 3647 viciniora
1812 3621 1918 3645 nunc
1936 3607 2142 3646 remotiora
2155 3605 2237 3643 fore
2255 3604 2404 3650 Terroeg

1362 3663 1446 3714 jam
1457 3660 1548 3705 vero
1568 3662 1625 3700 vis
1642 3660 1721 3712 qua
1739 3661 1804 3702 Sol
1815 3660 1990 3699 distrahit
2006 3660 2160 3700 Lunam
2175 3671 2200 3696 a
2215 3655 2348 3702 Terra,
2364 3657 2408 3693 in

1368 3716 1543 3767 syzygiis
1574 3716 1673 3754 sicut
1703 3722 1743 3753 et
1771 3715 1827 3752 vis
1857 3713 1936 3765 qua
1966 3713 2034 3754 Sol
2056 3713 2215 3752 Lunam
2251 3709 2410 3747 attrahit

1372 3770 1533 3807 Terram
1551 3781 1682 3806 versus
1707 3768 1749 3806 in
1767 3767 2021 3819 quadraturis,
2040 3762 2174 3807 crescit
2191 3762 2408 3821 secundum

1370 3821 1569 3861 distantias
1588 3822 1718 3860 Lunae
1747 3835 1770 3860 a
1805 3820 1938 3868 Terra,
1964 3820 2006 3858 in
2034 3817 2082 3858 iis
2105 3824 2234 3856 autem
2253 3824 2411 3865 punctis
