2528 4172
335 219 362 231 p

262 287 365 334 252
678 282 1122 345 INQUISITIO
1162 283 1503 336 PHYSICA
1543 283 1627 335 IN
1669 283 1989 337 CAUSAM

254 423 589 495 mitigabitur.
668 424 990 493 Hujusmodi
1028 435 1200 477 autem
1237 426 1315 477 vis
1354 427 1623 479 existentia
1662 427 1774 480 aliis
1812 428 2115 492 rationibus,
2155 431 2301 483 nullo
2329 431 2399 484 ad

252 523 438 565 aestum
462 514 617 565 maris
643 513 821 565 habito
847 527 1100 584 respectu,
1131 517 1250 568 satis
1279 516 1416 569 clare
1444 519 1610 569 evinci
1645 528 1850 586 potest3
1889 521 2010 589 quia
2035 521 2173 573 enim
2196 522 2399 576 nullum

253 612 329 653 est
366 602 598 665 dubium,
640 603 765 671 quin
804 604 958 655 Luna
994 605 1062 655 ad
1102 605 1324 657 Terram
1363 619 1657 661 constanter
1694 609 1906 673 feratur,
1946 612 2014 662 ob
2053 613 2401 682 aequalitatem

253 695 469 746 actionis
506 704 558 745 et
595 694 868 746 reactionis
908 696 1129 748 Terram
1174 716 1380 767 quoque
1421 698 1599 751 versus
1639 701 1849 752 Lunam
1891 702 2015 770 pelli
2053 721 2263 755 necesse
2307 714 2399 756 est.

254 783 493 852 Namque
520 782 562 833 si
586 802 841 851 ponamus
872 785 992 836 Sole
1017 785 1223 853 penitus
1251 786 1470 850 sublate,
1489 788 1678 841 Terrae
1705 808 1764 841 ac
1785 790 1956 842 Lunae
1976 810 2182 843 omnem
2201 803 2402 844 motum

252 871 424 924 subito
462 871 636 934 adimi,
679 872 834 925 Luna
859 873 1038 943 utique
1065 874 1133 925 ad
1173 874 1395 927 Terram
1422 877 1664 940 accedet3
1702 896 1860 930 nemo
1887 890 2060 931 autem
2085 899 2193 932 non
2218 900 2403 934 conce-

250 961 352 1023 det,
392 960 558 1029 probe
595 962 864 1030 perpensis
901 963 1168 1032 principiis
1207 964 1536 1028 mechaniciS,
1578 965 1800 1019 Terram
1835 968 2032 1020 interea
2055 988 2162 1021 non
2187 969 2402 1039 prorsus
2425 1006 2432 1017 -1

251 1073 363 1107 esse
402 1055 711 1124 quieturam,
752 1056 844 1108 sed
881 1056 1051 1108 Lunae
1089 1058 1295 1109 obviam
1338 1058 1541 1121 ituram,
1587 1078 1998 1132 concursumque
2041 1063 2097 1113 in
2139 1064 2402 1115 communi

251 1144 520 1215 gravitatis
559 1155 739 1196 centro
777 1146 1112 1216 contingere:
1153 1146 1255 1198 hoc
1291 1157 1465 1198 autem
1492 1148 1698 1199 evenire
1725 1167 1831 1200 non
1866 1151 2073 1218 poterit,
2109 1152 2207 1202 nisi
2234 1151 2404 1203 Terra

248 1244 366 1286 actu
404 1234 470 1286 ad
510 1234 718 1287 Lunam
754 1235 1074 1289 sollicitetur.
1152 1236 1363 1288 Deinde
1397 1238 1451 1288 in
1478 1236 1587 1307 ipsa
1615 1237 1768 1290 Luna
1793 1241 2098 1310 gravitatem
2125 1241 2238 1292 dari
2263 1242 2401 1292 simi-

250 1326 354 1376 lem
379 1325 519 1389 huic,
548 1344 704 1396 quam
728 1327 784 1377 in
811 1326 979 1378 Terra
1008 1327 1275 1390 sentimus,
1315 1328 1497 1399 negari
1528 1347 1635 1381 non
1659 1340 1858 1398 potest3
1897 1332 1996 1383 nisi
2022 1332 2160 1384 enim
2185 1334 2300 1385 talis
2325 1334 2402 1386 vis

247 1415 303 1465 in
330 1414 484 1466 Luna
510 1414 725 1486 vigeret,
753 1425 926 1484 partes
953 1416 1124 1469 Lunae
1149 1416 1341 1479 fluidae,
1370 1416 1491 1469 011111
1518 1417 1587 1470 ob
1613 1419 1920 1490 gravitatem
1945 1421 1998 1471 in
2027 1422 2263 1485 Terram,
2291 1420 2404 1474 tum

248 1504 315 1555 ob
340 1514 543 1555 motum
572 1504 743 1555 Lunae
781 1505 918 1556 circa
954 1506 1227 1575 proprium
1253 1525 1422 1570 axem,
1450 1507 1544 1559 etsi
1571 1508 1638 1559 sit
1663 1508 1946 1562 admodum
1971 1511 2156 1575 lentUS,
2197 1523 2249 1563 et
2272 1522 2403 1564 tem·-

254 1596 372 1664 pori
407 1596 675 1664 periodico
713 1598 943 1668 aequalis,
977 1600 1088 1667 jam
1114 1597 1315 1650 dudum
1348 1599 1655 1664 avolassent,
1695 1611 1975 1672 partesque
2003 1603 2182 1655 solidae
2208 1605 2402 1656 consis—

246 1686 460 1736 tentiam
505 1704 653 1738 suam
695 1687 1003 1752 amisissent.
1081 1687 1327 1740 Pluribus
1369 1687 1595 1759 denique
1639 1689 1750 1741 aliis
1793 1691 2080 1743 rationibus
2118 1711 2185 1744 ex
2218 1693 2402 1745 natura

247 1778 506 1829 vorticum
541 1778 734 1847 petitis,
772 1779 939 1850 magis
974 1779 1272 1830 confirmari
1304 1788 1481 1848 posset
1505 1780 1608 1831 tale
1633 1798 1825 1849 corpus
1853 1782 2193 1846 mundanum,
2234 1785 2402 1852 cujus-

254 1871 399 1921 modi
426 1882 504 1923 est
530 1872 700 1938 Luna,
746 1873 1027 1926 subsistere
1052 1892 1159 1925 non
1183 1891 1353 1942 posse,
1381 1873 1481 1924 nisi
1505 1874 1700 1925 vortice
1727 1875 1792 1925 sit
1817 1874 2060 1938 cinctum,
2102 1894 2205 1945 quo
2232 1876 2403 1947 gravi-

259 1969 337 2012 tas
364 1961 417 2011 in
441 1962 497 2013 id
533 1974 828 2034 generetur.
907 1964 1068 2027 Quod
1094 1965 1137 2016 si
1163 1979 1335 2016 autem
1360 1965 1756 2035 gravitationem
1780 1964 1958 2017 versus
1985 1966 2193 2018 Lunam
2220 1986 2404 2020 conce-

248 2050 451 2114 damUS,
493 2072 586 2104 cur
625 2056 734 2124 ejus
772 2056 1031 2111 actionem
1067 2074 1175 2106 non
1213 2055 1280 2106 ad
1317 2072 1412 2106 nos
1447 2054 1984 2125 usqueadmittamus,
2023 2056 2166 2107 nulla
2191 2056 2402 2109 omnino

246 2143 378 2194 ratio
405 2146 615 2198 suadet:
657 2148 783 2217 quin
808 2146 982 2217 potius
1021 2147 1273 2217 ejusmodi
1299 2147 1404 2197 vim
1439 2146 1658 2198 similem
1684 2147 1839 2199 statui
1865 2147 2153 2210 conveniet,
2193 2148 2403 2218 reliquis

245 2232 300 2282 in
325 2228 528 2286 mundo*
550 2236 907 2305 deprehensiS,
951 2256 1068 2307 quae
1094 2237 1240 2306 quasi
1277 2237 1331 2287 in
1367 2234 1630 2287 infinitum
1654 2235 2015 2306 porriguntur,
2055 2246 2208 2307 atque
2233 2237 2402 2290 inver-

247 2341 357 2374 sam
384 2324 703 2393 duplicatam
729 2336 909 2378 tenent
934 2326 1296 2379 distantiarum
1321 2326 1591 2377 rationem.

316 2417 353 2478 §.
386 2420 469 2465 10.
512 2415 619 2466 His
657 2416 909 2484 expositis
947 2414 1277 2467 manifestum
1316 2425 1407 2477 est,
1449 2424 1500 2465 et
1539 2413 1687 2483 quasi
1726 2413 2043 2482 experientia
2089 2416 2398 2478 convictum,

248 2500 471 2553 Terram
509 2523 629 2555 cum
665 2505 879 2576 singulis
916 2505 1018 2555 suis
1051 2505 1286 2573 partibus
1324 2514 1431 2554 tam
1467 2501 1646 2554 versus
1675 2502 1882 2554 Lunam
1909 2502 2065 2572 quam
2089 2502 2267 2556 versus
2305 2505 2399 2556 So-

245 2591 349 2643 lem
386 2593 644 2663 perpetuo
682 2594 962 2658 sollicitari,
1003 2604 1156 2664 atque
1193 2604 1466 2663 utramque
1504 2592 1609 2643 vim
1644 2592 2089 2661 proportionalem
2123 2611 2234 2645 esse
2270 2593 2398 2645 reci-

248 2684 410 2752 proce
446 2686 709 2755 quadratis
748 2686 1124 2739 distantiarum.
1205 2684 1313 2736 Hae
1338 2684 1497 2754 igitur
1522 2682 1673 2745 vires,
1704 2681 1823 2733 011111
1849 2692 1968 2734 actu
1996 2683 2234 2746 existant,
2276 2701 2400 2734 con-

246 2768 542 2847 stanterque
579 2778 821 2830 effectum
859 2796 1012 2830 suum
1047 2784 1278 2838 exerant,
1319 2775 1373 2825 in
1408 2774 1654 2843 praesenti
1689 2773 1915 2844 negotiO,
1965 2792 2069 2843 quo
2101 2774 2155 2824 in
2191 2792 2400 2825 causam

246 2865 401 2918 aestus
438 2868 594 2919 maris
633 2853 958 2937 inquirimus,
997 2866 1253 2936 praeteriri
1290 2863 1504 2917 omnino
1541 2874 1808 2934 nequeunt
1824 2883 1839 2926 3
1878 2864 1979 2915 nisi
2015 2863 2241 2915 dilucide
2277 2863 2398 2916 ante

246 2955 313 3006 sit
349 2957 647 3025 probatum,
688 2976 773 3009 eas
810 2976 917 3009 non
954 2956 1125 3009 solum
1159 2958 1362 3008 fluxum
1388 2975 1449 3007 ac
1473 2956 1734 3021 refluxum
1766 2973 1874 3006 non
1907 2973 2173 3026 generare,
2214 2956 2306 3006 sed
2330 2974 2397 3007 ne

244 3044 456 3113 quidem
498 3047 775 3116 quicquam
812 3046 1030 3098 efficere.
1109 3046 1161 3099 Si
1199 3046 1338 3097 enim
1381 3045 1495 3096 istae
1535 3045 1667 3096 vires
1702 3044 1868 3096 ullum
1907 3045 2161 3096 duntaxat
2194 3055 2397 3097 motum

243 3139 572 3208 reciprocum
608 3140 741 3191 mari
775 3139 1022 3191 inducere
1059 3139 1278 3201 valeant,
1317 3137 1649 3208 quantumvis
1682 3137 1732 3187 is'
1762 3136 1916 3187 etiam
1953 3136 2018 3186 sit
2043 3136 2279 3206 exiguus,
2318 3147 2395 3189 at-

245 3245 344 3296 que
383 3227 516 3279 adeo
550 3229 701 3282 aestui
738 3228 895 3279 maris
926 3226 1141 3279 fortasse
1179 3227 1486 3289 contrariuS,
1526 3216 1706 3277 earum
1739 3233 1915 3276 tamen
1948 3224 2080 3276 ratio
2104 3225 2394 3279 necessario

244 3317 341 3369 erit
373 3316 631 3381 habenda,
671 3315 791 3368 011111
829 3318 940 3368 sine
976 3316 1077 3367 illis
1107 3334 1230 3367 vera
1263 3334 1435 3377 causa,
1477 3330 1818 3384 quaecumque
1862 3312 1943 3375 sit,
1983 3331 2153 3383 neque
2184 3314 2394 3367 investi-

242 3406 357 3477 gari
380 3424 549 3476 neque
563 3408 820 3479 cognosci
844 3407 1023 3476 possit.
1094 3406 1280 3476 Neque
1304 3415 1558 3474 praeterea
1583 3421 1723 3455 sanae
1748 3403 1962 3455 rationis
1985 3414 2250 3474 praecepta
2271 3423 2393 3474 per-

243 3494 456 3545 mittunt
495 3496 619 3547 alias
663 3497 798 3548 vires
837 3495 1151 3566 excogitare,
1195 3495 1249 3545 in
1293 3495 1458 3563 iisque
1493 3509 1702 3544 causam
1736 3490 1893 3543 aestfis
1927 3493 2085 3543 maris
2119 3493 2389 3558 collocare,

243 3595 524 3655 antequam
559 3588 825 3640 evidenter
863 3588 929 3640 sit
960 3587 1389 3647 demonstratum,
1424 3585 1573 3635 binas
1606 3583 1729 3634 istas
1770 3582 1902 3633 vires
1941 3582 2116 3635 Solem
2160 3583 2391 3636 Lunam-

244 3694 345 3746 que
374 3683 681 3743 spectanteS,
710 3695 836 3745 quas
862 3695 967 3728 non
995 3673 1223 3747 gratuito
1250 3673 1602 3734 assumsinmS,
1645 3670 1738 3723 sed
1764 3689 1831 3722 ex
1858 3671 2150 3723 certissimis
2175 3673 2390 3740 phaeno-

242 3765 409 3816 menis
448 3764 502 3814 in
540 3764 738 3815 mundo
770 3766 993 3818 existere
1029 3765 1284 3826 novimus,
1326 3762 1393 3815 ad
1431 3761 1633 3812 fluxum
1675 3778 1736 3811 ac
1775 3759 2035 3811 refluxum
2072 3760 2227 3811 maris
2265 3778 2389 3829 pro-

243 3854 541 3908 ducendum
565 3873 671 3906 non
698 3873 808 3907 esse
835 3856 1161 3909 sufficientes.
1241 3856 1305 3908 In
1332 3852 1666 3924 sequentibus
1692 3860 1866 3905 autem
1895 3851 2165 3922 Capitibus
2185 3850 2387 3905 clarris-
