2528 4172
267 261 371 308 5320
761 253 868 306 DE
910 251 1162 304 CAUSA
1203 251 1542 330 PHYSICA
1583 253 1898 308 FLUXUS

262 407 407 455 motu
445 397 680 465 ellipseos
722 392 859 445 circa
894 394 1197 445 alterutrum
1224 413 1391 457 axem,
1422 396 1623 465 sintque
1664 397 1709 447 Β
1736 407 1787 447 et
1820 397 1875 449 D
1913 399 2177 465 particulae
2204 402 2393 469 quaevis

261 487 315 536 in
342 485 522 537 eodem
550 483 957 536 semi-diametro
984 484 1111 546 sitae,
1150 484 1455 553 gravitatem
1479 487 1746 554 particulae
1774 487 1821 539 Β
1848 488 2025 540 versus
2052 489 2393 558 sphaeroidem

260 577 370 628 fore
396 577 461 628 ad
485 577 788 646 gravitatem
824 575 1093 643 particulae
1118 576 1173 628 D
1201 584 1258 626 ut
1282 575 1527 628 distantia
1555 577 1599 628 C
1629 578 1675 629 B
1702 577 1769 628 ad
1794 577 2089 631 distantiam
2117 579 2161 631 C
2188 580 2261 643 D,
2300 600 2393 649 per

264 667 608 720 Corollarium
633 667 947 736 praecedens,

1042 793 1332 846 LEMMA
1371 793 1466 846 IV.

332 917 410 969 Sit
437 917 487 968 A
507 917 551 968 Β
570 936 599 968 a
617 918 652 968 b
679 917 927 985 sphaerois
951 918 1126 989 genita
1149 927 1293 969 motu
1321 917 1710 987 semi-ellipseos
1739 921 1790 972 A
1809 921 1855 972 B
1882 940 1911 972 a
1937 918 2073 973 circa
2096 939 2247 973 axem
2275 920 2324 972 A
2344 939 2389 982 a,
2478 957 2484 962 -

260 1008 305 1059 P
340 1009 593 1077 particula
628 1010 821 1079 quaevis
864 1009 918 1059 in
954 1009 1225 1078 superficie
1270 1007 1437 1073 solidi,
1490 1009 1556 1062 sit
1606 1010 1652 1063 P
1677 1009 1734 1062 K
1770 1011 1882 1063 axis
1925 1011 2170 1064 normalis
2213 1011 2266 1061 in
2307 1011 2359 1061 K
2376 1030 2391 1073 ;

256 1106 307 1148 et
334 1095 379 1148 P
404 1097 459 1149 D
490 1097 574 1148 axi
612 1096 858 1165 parallela
883 1106 1119 1148 occurrat
1142 1097 1299 1165 plano
1340 1097 1386 1148 Β
1411 1097 1446 1148 b
1915 1090 1923 1094 ”’

257 1184 419 1253 (quod
468 1184 556 1236 axi
606 1186 913 1253 supponitur
961 1184 1218 1248 normale)
1267 1184 1321 1234 in
1371 1184 1471 1235 DL

258 1269 564 1321 Resolvatur
603 1269 678 1320 vis
718 1269 818 1339 qua
858 1270 1111 1338 particula
1146 1271 1192 1323 P
1224 1272 1447 1342 gravitat

252 1357 428 1412 versus
455 1357 799 1428 sphaeroidem
825 1358 878 1409 in
899 1358 1027 1410 duas
1053 1359 1202 1422 vireS‚
1230 1361 1443 1413 alteram

253 1452 340 1502 axi
375 1452 689 1520 parallelam,
730 1451 944 1503 alteram
970 1452 1136 1503 eidem
1166 1453 1443 1522 perpendi-

253 1542 497 1606 cularem,
544 1542 742 1611 eritque
789 1541 934 1609 prior
982 1542 1194 1611 aequalis
1243 1543 1293 1594 vi
1341 1541 1442 1613 qua

250 1633 503 1701 particula
531 1631 583 1684 K
609 1632 663 1682 in
688 1632 773 1683 axi
807 1630 902 1682 sita
928 1630 1092 1682 tendit
1115 1631 1183 1682 ad
1208 1642 1443 1685 centrum

253 1721 418 1783 solidi,
460 1720 714 1789 posterior
758 1728 930 1771 autem
980 1719 1191 1788 aequalis
1240 1720 1291 1771 vi
1340 1721 1440 1791 qua

249 1812 502 1881 particula
550 1812 605 1864 D
656 1820 870 1882 urgetur
917 1807 1093 1861 versus
1141 1809 1280 1860 idem
1323 1829 1441 1863 cen-

251 1917 405 1958 trum.

301 2008 303 2010 ’
328 1994 653 2046 Producatur
693 1994 738 2046 P
768 1993 821 2045 K
859 1993 1026 2044 donec
1059 1993 1236 2051 rursus
1262 2010 1443 2044 occur-

252 2095 332 2136 rat
358 2085 521 2153 ellipsi
548 2082 854 2154 generatrici
878 2082 933 2132 in
961 2081 1040 2145 H,
1075 2079 1294 2136 ducatur
1322 2081 1382 2132 H
1409 2080 1444 2131 d

251 2175 498 2243 parallela
528 2172 614 2224 axi
653 2173 704 2225 A
729 2191 760 2224 a
797 2189 914 2242 quae
940 2182 1177 2224 occurrat
1212 2172 1298 2224 axi
1338 2170 1385 2222 B
1409 2170 1445 2222 b

252 2264 306 2314 in
344 2264 395 2326 d,
436 2262 784 2330 concipiamus
823 2262 1044 2314 solidum
1082 2263 1138 2315 D
1164 2281 1200 2313 n
1226 2262 1261 2314 d
1289 2262 1342 2313 N
1377 2261 1444 2313 si-

251 2353 373 2404 mile
422 2353 521 2421 ipsi
573 2353 619 2403 Β
647 2353 698 2404 A
722 2353 758 2404 b
785 2371 816 2403 a
857 2362 907 2404 et
951 2352 1182 2403 similiter
1219 2352 1446 2420 positum

253 2442 476 2493 describi
511 2459 665 2508 super
691 2459 841 2492 axem
874 2441 930 2492 D
957 2440 1007 2490 d.
1085 2441 1297 2492 Horum
1323 2439 1442 2491 soli-

257 2533 446 2583 dorum
472 2532 724 2583 sectiones
751 2532 817 2583 ab
844 2531 1028 2583 eodem
1064 2532 1224 2600 plano
1262 2540 1474 2583 resectae
1501 2540 1652 2582 erunt
1678 2547 1878 2598 semper
1904 2530 2106 2598 ellipses
2133 2530 2322 2582 similes
2347 2539 2397 2581 et

256 2622 491 2674 similiter
515 2622 716 2691 positae,
756 2621 832 2673 uti
857 2631 1043 2672 notum
1070 2631 1147 2672 est
1172 2630 1222 2672 et
1246 2620 1393 2672 facile
1420 2619 1721 2672 ostenditur.
1801 2618 1916 2670 Sint
1941 2619 2097 2689 igitur
2137 2618 2183 2670 Β
2212 2619 2261 2669 A
2286 2618 2322 2670 b
2348 2637 2394 2681 a,

255 2711 311 2762 D
337 2730 372 2761 n
399 2711 435 2761 d
463 2710 516 2763 N
551 2709 857 2779 hujusmodi
881 2708 1067 2780 figurae
1095 2729 1125 2760 a
1161 2709 1319 2778 plano
1358 2708 1402 2760 P
1419 2709 1470 2761 A
1495 2709 1531 2760 b
1557 2709 1584 2760 I
1611 2708 1659 2760 Β
1688 2708 1749 2770 Ρ,
1790 2708 1931 2778 quod
1958 2726 2159 2775 semper
2184 2708 2397 2759 transire
2443 2757 2461 2773 ¹.

253 2810 478 2869 ponatur
503 2818 596 2869 per
622 2800 795 2850 datam
820 2808 1014 2850 rectam
1043 2798 1087 2849 P
1104 2798 1158 2849 D
1178 2799 1204 2849 I
1231 2808 1441 2849 resectae
1468 2816 1534 2849 ex
1561 2796 1809 2848 similibus
1833 2795 1975 2846 hisce
2001 2796 2192 2847 solidis.
2257 2796 2397 2848 Con-

256 2890 417 2941 tineat
441 2889 656 2957 planum
695 2888 739 2939 P
759 2906 786 2938 z
809 2887 851 2938 Z
873 2886 900 2938 I
921 2887 974 2938 T
1010 2904 1129 2937 cum
1154 2887 1311 2956 plano
1336 2886 1500 2954 priori
1524 2884 1772 2956 angulum
1799 2883 2222 2954 quamminimum
2250 2894 2299 2935 et
2322 2884 2397 2935 fa-

257 2981 358 3032 ciat
384 2981 636 3032 sectiones
663 2977 854 3030 similes
896 2978 940 3028 P
956 2997 984 3028 z
1003 2978 1045 3029 Z
1067 2977 1095 3029 I
1115 2977 1181 3041 T,
1221 2978 1276 3029 Ι)
1297 2996 1323 3027 1·
1346 2977 1393 3028 R
1412 2976 1467 3029 D
1495 2986 1546 3028 et
1572 2975 1802 3027 similiter
1825 2975 2018 3043 positas
2044 2974 2098 3024 in
2122 2973 2398 3042 praedicto-

229 3090 375 3122 rum
413 3069 699 3121 solidorum
738 3066 1124 3135 superficiebus.
1203 3066 1369 3118 Hisce
1404 3065 1600 3133 positis,
1639 3063 1889 3131 imprimis
1926 3061 2254 3113 ostendemus
2294 3063 2399 3113 vim

261 3159 363 3231 qua
401 3157 656 3228 particula
697 3157 741 3209 P
778 3166 994 3228 urgetur
1029 3154 1207 3208 versus
1245 3155 1350 3206 duo
1376 3155 1538 3207 frusta
1562 3173 1678 3224 quae
1702 3152 1869 3221 planis
1910 3151 1955 3202 P
1979 3150 2015 3202 b
2042 3151 2087 3214 Ι,
2136 3152 2181 3202 Ρ
2210 3151 2252 3203 Ζ
2279 3152 2308 3203 Ι
2350 3159 2401 3202 et

256 3249 427 3317 planis
457 3248 501 3299 P
521 3248 567 3299 Β
591 3247 635 3309 Ι,
667 3246 712 3298 Ρ
733 3245 784 3297 Τ
804 3246 831 3297 Ι
860 3244 1205 3307 continentur,
1236 3245 1278 3295 si
1302 3243 1577 3295 reducatur
1602 3241 1669 3293 ad
1695 3240 2031 3291 directionem
2058 3239 2104 3291 P
2126 3238 2195 3302 K,
2224 3257 2398 3309 aequa-

255 3339 361 3391 lem
397 3339 507 3390 fore
545 3339 595 3389 vi
634 3336 735 3408 qua
772 3336 1027 3406 particula
1064 3336 1119 3388 D
1159 3345 1373 3406 urgetur
1408 3333 1584 3387 versus
1619 3332 1839 3384 frustum
1875 3331 2043 3402 planis
2080 3332 2137 3385 D
2161 3350 2199 3383 n
2231 3331 2286 3383 N
2321 3332 2395 3395 D,

260 3429 317 3482 D
338 3448 364 3480 r
386 3430 437 3482 R
463 3430 518 3480 D
544 3429 891 3481 terminatum.

337 3519 453 3572 Sint
480 3521 620 3571 enim
655 3520 710 3572 N
735 3539 787 3583 n,
829 3520 899 3571 N'
918 3519 970 3569 n'
1003 3519 1120 3570 duae
1146 3519 1397 3571 ordinatae
1423 3536 1489 3569 ex
1513 3517 1744 3568 interiori
1771 3516 1936 3584 ellipsi
1961 3515 2028 3567 ad
2062 3533 2212 3568 axem
2249 3516 2305 3568 D
2331 3514 2396 3576 d;

261 3609 367 3662 sint
393 3610 455 3678 (²¹)
489 3610 533 3660 P
562 3609 642 3671 M,
687 3610 731 3699 P
756 3628 825 3672 m,
866 3609 911 3661 P
929 3608 1011 3661 M'
1049 3618 1099 3659 et
1137 3609 1182 3661 P
1207 3612 1277 3660 m'
1313 3605 1592 3677 respective
1617 3607 1877 3675 parallelae
1902 3607 2060 3659 rectis
2088 3606 2143 3658 D
2171 3607 2239 3670 N,
2268 3606 2323 3658 D
2341 3624 2395 3668 n,

319 3751 376 3804 (³)
410 3751 462 3788 In
494 3750 566 3788 hac
599 3748 725 3799 ligurii
756 3750 1005 3789 describenda
1031 3759 1152 3789 rectas
1181 3751 1222 3788 N
1254 3751 1305 3797 R,
1362 3749 1616 3799 perspectivae‚
1647 3749 1714 3788 sed
1742 3749 1788 3788 ea
1815 3749 1962 3788 ratione
1989 3747 2067 3800 quii
2099 3745 2279 3786 facillime
2311 3746 2397 3797 dig.

266 3805 317 3844 N'
353 3805 416 3852 R',
452 3804 521 3841 ἃς.
567 3815 647 3843 non
683 3802 868 3841 duximus
903 3804 1118 3843 secundnm
1155 3804 1309 3855 regulas
1361 3802 1467 3842 nosci
1484 3803 1640 3852 possint.
