2528 4172
620 244 937 300 FLUXUS
975 244 1077 297 AC
1117 243 1542 297 REFLUXUS
1583 239 1846 294 MARIS.
2205 246 2300 291 311

158 391 267 444 tum
312 393 466 445 Luna
508 392 575 443 ad
614 400 930 462 aequatorem
966 399 1251 453 versentur,
1296 389 1352 441 id
1396 389 1538 459 quod
1575 405 1695 438 cum
1736 382 2056 453 experientia
2090 382 2308 434 mirifice

158 482 412 533 convenit.
492 481 756 543 Quoniam
793 491 965 532 autem
1000 479 1115 531 haec
1153 498 1220 530 ex
1257 479 1432 530 valore
1468 477 1629 545 ipsius
1656 494 1693 546 g
1719 483 1949 526 assumto
1976 489 2306 540 consequun-

158 584 258 636 tur,
299 573 552 642 imprimis
590 574 760 625 notari
798 581 1017 642 oportet,
1059 571 1284 622 litteram
1313 588 1348 640 g
1375 587 1482 620 non
1514 586 1668 636 posse
1695 562 1928 617 absolute
1956 561 2305 624 determinari,

157 662 249 713 sed
275 663 381 730 ejus
410 662 764 731 quantitatem,
807 662 999 731 quippe
1027 679 1143 730 quae
1168 659 1510 710 mobilitatem
1535 657 1693 708 totius
1720 655 1902 706 oceani
1938 661 2151 722 spectat,
2193 649 2313 702 cum

157 752 222 802 ab
260 752 561 803 extensione
598 750 710 803 tum
747 750 901 801 etiam
938 749 1291 818 profunditate
1328 747 1485 798 maris
1521 744 1783 815 pendere3
1822 761 1890 795 ex
1928 761 2033 813 quo
2065 741 2219 793 variis
2258 740 2312 790 in

155 843 282 895 locis
308 842 422 894 haec
449 843 631 894 eadem
655 842 826 893 littera
849 860 901 912 g,
929 841 1096 892 varias
1124 839 1530 910 significationes
1557 837 1816 888 sortietur.

233 937 271 999 ยง.
300 940 385 985 89.
430 933 515 984 Ex
551 931 805 982 solutione
841 930 1031 981 horum
1068 929 1294 980 duorum
1325 926 1730 987 Problematum,
1759 941 1877 993 quae
1917 920 2128 992 quidem
2166 921 2219 972 in
2257 939 2313 972 se

93 1039 103 1043 *
162 1031 391 1090 spectata
426 1040 535 1072 non
572 1021 740 1072 solum
777 1029 896 1071 sunt
932 1018 1217 1071 attentione
1255 1017 1430 1088 digna,
1472 1015 1565 1067 sed
1600 1015 1756 1066 etiam
1783 1011 1902 1066 cuin
1928 1012 2164 1082 analysin
2198 1010 2312 1063 tum

156 1113 312 1164 etiam
355 1112 525 1164 motus
567 1112 833 1163 scientiam
876 1109 1211 1179 amplificant,
1258 1106 1491 1177 quamvis
1530 1124 1593 1157 ea
1629 1122 1806 1156 casum
1839 1102 2169 1171 propositum
2206 1119 2314 1153 non

152 1201 357 1270 penitus
402 1201 726 1263 exhauriant,
773 1211 948 1251 tamen
989 1209 1161 1251 motus
1198 1198 1254 1248 in
1295 1194 1711 1265 praecedentibus
1753 1191 2025 1261 Capitibus
2064 1190 2309 1242 definitus

154 1289 320 1341 multo
357 1290 519 1361 magis
559 1308 676 1341 cum
714 1288 1031 1358 experientia
1079 1287 1397 1349 conciliatur,
1445 1285 1500 1337 id
1537 1284 1678 1355 quod
1720 1282 1937 1335 theoriae
1975 1291 2171 1332 nostrae
2202 1281 2313 1350 jam

153 1382 355 1453 insigne
381 1382 527 1433 addit
551 1382 952 1433 firmamentum.
1031 1381 1198 1433 Simili
1232 1389 1405 1430 autem
1430 1377 1591 1429 modo
1617 1376 1693 1427 vis
1719 1394 1750 1426 a
1778 1374 1899 1443 Sole
1928 1371 2163 1442 profecta
2190 1390 2314 1423 cum

157 1471 340 1524 inertia
368 1491 516 1542 aquae
540 1481 711 1541 potest
736 1472 997 1542 conjungi,
1027 1481 1181 1540 atque
1207 1480 1362 1521 aestus
1388 1468 1544 1520 maris
1583 1466 1804 1529 definiri,
1842 1465 2097 1535 quatenus
2135 1483 2166 1514 a
2201 1463 2309 1514 sola

162 1561 215 1613 vi
261 1562 394 1614 Solis
438 1562 617 1624 oritur,
665 1561 851 1631 quibus
890 1560 1094 1611 duobus
1132 1559 1397 1611 effectibus
1434 1556 1811 1628 conjungendis
1846 1555 2084 1625 judicare
2121 1554 2313 1617 licebit,

155 1659 376 1720 quantus
416 1660 571 1701 aestus
612 1650 794 1719 quovis
840 1661 1074 1719 tempore
1119 1661 1171 1701 et
1208 1650 1388 1719 quovis
1429 1649 1546 1700 loco
1587 1648 1774 1699 debeat
1811 1646 2033 1698 evenire.
2113 1646 2179 1697 In
2212 1645 2317 1698 hoc

155 1746 366 1817 quidem
395 1746 579 1815 Capite
605 1746 942 1817 cogitationes
972 1746 1142 1797 adhuc
1168 1746 1234 1796 ab
1261 1745 1502 1796 omnibus
1536 1744 1816 1795 obstaculis
1843 1763 1874 1794 a
1901 1740 2069 1794 Terra
2103 1752 2154 1793 et
2177 1742 2317 1793 litto-

156 1838 300 1889 ribus
326 1838 558 1889 oriundis
583 1857 797 1907 prorsus
824 1838 1187 1900 abstrahimus,
1224 1847 1377 1907 atque
1403 1837 1698 1888 universam
1725 1835 1951 1887 Terram
1976 1833 2320 1903 undiquaque

157 1926 293 1996 aqua
334 1926 695 1978 circumfusam
731 1928 1001 1996 ponimus3
1048 1946 1114 1979 ex
1150 1947 1254 1998 quo
1292 1927 1498 1998 regulas
1535 1927 1658 1979 hinc
1695 1936 1842 1978 natas
1881 1923 2146 1994 praecipue
2184 1926 2320 1993 ejus-

156 2016 300 2067 modi
344 2016 807 2080 observationibus,
849 2035 966 2086 quae
1004 2017 1058 2067 in
1096 2017 1415 2086 amplissimo
1453 2034 1647 2067 oceano
1685 2015 1826 2085 apud
1860 2015 2076 2087 exiguas
2113 2014 2320 2066 Insulas

158 2119 276 2162 sunt
302 2110 566 2171 institutae,
596 2109 818 2161 conferri
852 2111 1139 2162 conveniet.
1217 2110 1482 2172 Quoniam
1508 2121 1680 2161 autem
1704 2108 1939 2159 nondum
1966 2105 2135 2158 motus
2163 2126 2314 2176 aquae

160 2201 491 2271 progressivi,
533 2219 637 2270 quo
675 2199 977 2252 alternative
1005 2200 1072 2251 ad
1107 2200 1239 2262 loca,
1280 2200 1334 2250 in
1361 2199 1548 2269 quibus
1579 2199 1754 2249 fluxus
1781 2208 1831 2249 et
1856 2197 2087 2248 refluxus
2115 2195 2317 2258 accidit,

157 2294 493 2365 progreditur
537 2304 587 2345 et
630 2294 840 2357 recedit,
886 2294 1141 2345 rationem
1184 2292 1478 2354 habuimUS,
1522 2310 1733 2342 necesse
1774 2300 1852 2341 est
1892 2300 1950 2341 ut
1987 2289 2141 2340 etiam
2179 2287 2321 2339 hunc

157 2396 357 2436 motum
383 2395 434 2436 et
458 2384 805 2452 phaenomena
829 2385 952 2436 inde
980 2396 1093 2436 orta
1120 2382 1545 2451 contemplemur.
1624 2382 1707 2433 Ac
1730 2378 1904 2450 primo
1931 2379 2142 2449 quidem
2167 2379 2318 2431 facile

158 2476 482 2547 intelligitur,
526 2475 648 2526 cum
692 2476 760 2526 ob
799 2476 1038 2527 inertiam
1080 2492 1227 2545 aquae
1264 2472 1376 2525 tum
1413 2473 1568 2524 etiam
1606 2472 1705 2523 alia
1742 2470 2115 2539 impedimenta
2151 2471 2319 2522 motui

160 2566 413 2635 opposita,
454 2584 640 2635 aquam
683 2575 787 2616 tam
824 2563 1021 2616 tardius
1065 2563 1253 2615 elevari
1294 2562 1465 2632 quam=
1488 2560 1711 2630 deprimi
1749 2570 2009 2629 oportere,
2051 2557 2208 2629 quam
2245 2579 2313 2612 ex

157 2656 321 2707 allatis
365 2656 613 2707 hactenus
659 2656 1019 2726 consequitur:
1077 2654 1217 2706 unde
1259 2654 1432 2705 fluxus
1475 2670 1584 2703 non
1627 2651 1696 2703 ad
1734 2651 1979 2702 transitus
2020 2649 2190 2701 Lunae
2223 2669 2318 2719 per

158 2747 502 2798 meridianum
529 2747 845 2817 contingent,
874 2746 967 2798 sed
986 2746 1258 2817 aliquanto
1285 2743 1447 2797 serius
1473 2744 1725 2806 evenient,
1767 2742 1980 2793 omnino
2006 2743 2082 2793 uti
2108 2743 2315 2812 experi-

159 2841 295 2892 entia
319 2850 550 2893 testatur.

229 2938 267 2999 ยง.
297 2940 381 2984 90.
425 2931 563 2983 Haec
591 2940 763 2983 autem
789 2932 1069 2984 retardatio
1105 2931 1323 3002 praecise
1348 2932 1416 2984 ad
1442 2930 1700 2984 calculum
1723 2929 1957 2982 revocari
1981 2946 2089 2980 non
2118 2937 2308 2998 potest,

159 3025 278 3094 quia
315 3045 346 3076 a
381 3036 527 3078 motu
564 3047 713 3097 aquae
751 3028 961 3097 ejusque
997 3026 1349 3096 profunditate
1374 3026 1657 3095 plurimum
1683 3022 1926 3093 pendeat,
1956 3022 2134 3091 prouti
2160 3021 2315 3073 etiam

162 3113 396 3165 videmus
422 3115 477 3166 in
502 3115 716 3167 diversis
754 3116 881 3167 10015
908 3133 1023 3167 eam
1048 3115 1383 3168 vehementer
1408 3133 1520 3167 esse
1545 3114 1820 3176 diversam,
1860 3122 2015 3182 atque
2041 3111 2153 3163 aliis
2189 3111 2316 3163 10015

157 3204 358 3254 fluxum
386 3206 685 3277 contingere
709 3216 829 3275 post
861 3206 1030 3258 Lunae
1058 3207 1481 3259 culminationem
1500 3206 1664 3257 tribus
1688 3204 1831 3257 horis
1850 3204 2087 3255 nondum
2108 3202 2312 3271 elapsiS,

157 3296 269 3347 aliis
310 3297 433 3349 vero
476 3298 603 3349 10015
642 3298 761 3367 plus
797 3297 951 3369 quam
990 3299 1267 3351 duodecim
1304 3299 1448 3351 horis
1479 3296 1678 3350 tardius
1715 3297 1907 3360 venire,
1946 3314 2063 3366 quae
2103 3294 2312 3365 quidem

156 3388 372 3459 insignis
411 3390 695 3442 retardatio
734 3391 1021 3442 Terrarum
1050 3391 1297 3460 positioni
1327 3401 1405 3442 est
1452 3388 1823 3451 adscribenda3
1887 3387 2096 3439 interim
2140 3397 2314 3438 tamen

155 3475 279 3529 hinc
319 3479 629 3531 sufficienter
669 3490 868 3531 constat
906 3490 1107 3532 motum
1145 3480 1303 3533 maris
1347 3479 1632 3531 admodum
1673 3496 1828 3547 posse
1865 3476 2123 3546 impediri.
2203 3475 2311 3527 Pro

156 3567 340 3618 eodem
366 3567 490 3619 vero
515 3568 631 3619 loco
658 3568 778 3620 satis
803 3568 1092 3621 luculenter
1117 3569 1445 3638 perspicitur,
1475 3567 1579 3640 quo
1604 3569 1770 3637 major
1789 3576 1945 3638 atque
1971 3565 2122 3617 altior
2140 3565 2312 3615 fluxus

158 3660 364 3711 evenire
408 3660 611 3723 debeat,
656 3659 719 3713 ฮตแฝธ
760 3660 957 3713 tardius
1001 3662 1225 3713 eundem
1266 3661 1499 3713 accidere
1539 3669 1797 3729 oportere.
1888 3655 2048 3720 Qubd
2092 3655 2135 3706 51
2175 3653 2313 3705 enim

156 3761 312 3803 aestus
340 3752 605 3823 contingat
629 3752 829 3806 infinite
855 3772 1065 3822 parvus,
1093 3753 1313 3805 dubium
1339 3763 1417 3805 est
1441 3752 1660 3816 nullum,
1698 3753 1824 3823 quin
1849 3752 1892 3804 is
1918 3759 2052 3803 stato
2077 3759 2312 3814 tempore

157 3841 415 3905 adveniat,
446 3840 566 3894 cum
592 3843 974 3912 impedimentis
999 3844 1102 3897 hoc
1127 3863 1252 3897 casu
1271 3863 1338 3897 ne
1364 3845 1508 3897 locus
1527 3845 1738 3916 quidem
1758 3842 2073 3898 concedatur
2093 3837 2310 3909 agendi:
