2528 4172
253 271 355 316 314
676 266 1117 326 INQUISITIO
1157 267 1496 322 PHYSICA
1536 271 1620 324 IN
1663 272 1984 325 CAUSAM

247 419 331 460 tur
354 433 411 454 =
438 428 489 470 x,
521 411 723 461 cosinus
750 433 807 454 =
831 427 881 478 y,
921 428 982 464 ac
1023 414 1256 465 celeritas
1302 434 1455 484 quam
1482 435 1615 486 aqua
1639 417 1694 467 in
1722 417 1788 469 M
1823 417 1995 481 habet,
2034 419 2212 473 versus
2247 441 2391 480 occa-

249 521 363 555 sum
399 525 454 548 =
494 520 529 551 u
555 500 649 550 erit
687 499 723 553 d
748 517 783 553 u
823 513 881 553 ut
918 510 950 553 2
977 522 1014 554 x
1037 523 1086 573 y.
1167 503 1302 556 Cum
1340 515 1512 557 autem
1550 507 1861 562 elementum
1886 509 2036 562 arcfis
2063 513 2114 563 A
2142 511 2207 564 M
2244 514 2309 565 sit
2333 526 2390 566 ut

247 595 389 688 ,d-253
427 646 548 678 nam
585 627 808 696 figuram
844 627 1006 678 instar
1045 629 1224 680 circuli
1260 628 1576 684 considerari
1609 631 1758 687 licet:
1799 633 1895 685 erit
1931 634 1967 686 d
1994 653 2029 686 u
2062 643 2121 687 ut
2150 642 2182 687 2
2208 654 2246 689 x
2271 636 2306 691 d
2331 655 2385 698 x,

287 699 326 751 g

252 778 405 838 atque
444 789 480 820 u
526 770 917 838 proportionale
966 772 1065 823 erit
1113 772 1211 841 ipsi

249 864 281 908 2
307 876 344 908 x
368 876 405 908 x
424 889 494 898 ——
518 866 539 909 1
575 860 827 928 ejusmodi
859 861 1056 930 adjecta
1083 879 1207 914 con·-
1795 887 1853 933 A

248 955 428 1008 stante,
458 958 516 998 ut
539 948 629 998 ubi
652 948 717 1000 M
733 967 786 998 m
807 960 884 1001 est
902 951 1203 1014 maximum,

246 1033 317 1084 ibi
343 1035 576 1086 celeritas
604 1047 888 1088 evanescat.
954 1039 1112 1090 Hanc
1137 1039 1206 1090 ob

249 1140 357 1173 rem
399 1124 503 1174 erit
541 1124 774 1175 celeritas
819 1125 872 1175 in
915 1125 1031 1177 loco
1075 1145 1206 1195 quo-

244 1232 450 1283 cunque
498 1214 580 1277 M,
633 1234 788 1285 quam
839 1235 973 1286 aqua
1021 1216 1205 1270 versus

245 1305 565 1357 occidentem
602 1306 829 1369 habebit,
875 1308 952 1358 uti
996 1308 1201 1359 cosinus

249 1395 396 1464 dupli
433 1396 608 1467 anguli
654 1397 719 1449 M
748 1397 792 1447 C
821 1398 888 1449 A.
966 1398 1206 1450 Maxima

245 1486 404 1557 igitur
428 1477 578 1557 aquae
603 1488 836 1539 celeritas
861 1488 1039 1541 versus
1067 1491 1201 1541 occi-

242 1575 449 1627 dentem
477 1577 575 1628 erit
600 1578 651 1627 in
678 1578 738 1628 iis
764 1578 906 1641 locis,
935 1578 988 1628 in
1016 1579 1202 1648 quibus

242 1685 378 1736 aqua
412 1667 652 1718 maximev
676 1679 754 1719 est
792 1668 1016 1731 elevata3
1057 1669 1204 1721 huic·

245 1775 345 1826 que
372 1757 622 1814 celeritati
644 1758 854 1827 aequalis
881 1768 958 1809 est
983 1777 1059 1821 ea,
1099 1758 1201 1828 qua

243 1865 377 1916 aqua
402 1847 454 1896 in
481 1847 606 1897 locis
633 1847 724 1897 ubi
759 1846 983 1898 maxime
1010 1858 1087 1899 est
1112 1847 1202 1898 de-

242 1957 436 2007 pressa,
460 1937 636 1990 versus
658 1939 909 1991 orientem
928 1957 1203 2008 promove-

245 2038 361 2088 tur3
419 2027 461 2078 si
506 2027 715 2097 quidem
760 2026 874 2079 haec
914 2028 969 2078 in
1010 2028 1203 2079 circulo

244 2118 358 2168 fieri
384 2118 749 2186 concipiamus,
777 2137 899 2169 nam
925 2118 980 2169 in
999 2118 1205 2188 sphaera

237 2218 407 2259 motus
453 2208 773 2277 aliquantum
811 2208 1042 2260 diversus
1087 2209 1199 2271 erit,

239 2295 330 2346 sed
374 2306 546 2346 tamen
584 2296 706 2347 hinc
741 2296 959 2366 intelligi
995 2297 1200 2365 poterit.
1279 2286 1354 2349 At
1387 2295 1443 2347 in
1479 2296 1606 2349 locis
1644 2315 1761 2367 quae
1798 2298 1863 2350 ab
1900 2299 1949 2350 A
1976 2308 2027 2352 et
2053 2299 2100 2352 B
2131 2306 2198 2353 45
2237 2300 2383 2371 grad.

243 2386 451 2449 distant,
481 2388 548 2438 ob
575 2388 810 2438 cosinum
837 2388 983 2456 dupli
1012 2388 1189 2458 anguli
1224 2411 1282 2433 =
1321 2396 1373 2450 O,
1414 2406 1547 2457 aqua
1570 2388 1782 2439 omnino
1807 2388 2006 2440 nullum
2038 2390 2251 2442 habebit
2273 2410 2386 2442 mo-

236 2488 348 2528 tum
384 2478 774 2530 horizontalem.
854 2479 938 2530 Ex
975 2479 1055 2530 his
1093 2479 1252 2549 igitur
1287 2497 1396 2530 non
1434 2478 1600 2529 solum
1637 2489 1807 2530 motus
1844 2498 1993 2548 aquae
2026 2480 2384 2550 progressivus

237 2567 587 2636 cognoscitur,
641 2585 744 2636 quo
795 2567 992 2617 alterna
1043 2567 1260 2618 elevatio
1312 2585 1371 2618 ac
1411 2566 1674 2634 depressio
1722 2567 2041 2634 producitur,
2089 2568 2180 2618 sed
2230 2568 2385 2619 etiam

235 2655 526 2707 luculenter
560 2656 994 2725 perturbationes,
1037 2674 1153 2726 quae
1192 2676 1222 2707 a
1261 2656 1457 2718 Terris,
1498 2655 1767 2706 littoribus·
1793 2656 2123 2725 atque'etiam
2162 2675 2192 2706 a
2223 2655 2385 2709 fundo

233 2749 390 2799 maris
415 2749 673 2817 proficisci
699 2759 929 2817 possunt,
958 2738 1361 2817 perspiciuntur.
1428 2747 1672 2798 Ceterum
1698 2764 1990 2816 quanquam
2018 2747 2177 2798 sectio
2203 2758 2380 2799 nostra

236 2837 393 2904 plana
431 2838 480 2888 A
507 2838 562 2890 D
593 2838 638 2888 B
667 2837 714 2888 E
754 2848 1070 2907 aequatorem
1108 2837 1277 2889 solum
1319 2836 1565 2888 denotare
1609 2834 1827 2897 videtur,
1873 2844 2044 2885 tamen
2090 2835 2270 2887 eadem
2313 2837 2381 2887 ad

234 2930 539 2997 parallelum
586 2930 815 2999 quemvis
900 2930 1298 3000 significandum
1362 2928 1484 2979 satis
1544 2925 1814 2977 commode
1874 2925 2108 2977 adhiberi
2176 2936 2376 2992 potest:

235 3018 359 3087 quin
398 3020 551 3069 etiam
589 3029 759 3070 motus
798 3038 895 3087 pro
935 3019 1136 3087 sphaera
1175 3019 1299 3069 hinc
1325 3018 1445 3069 satis
1471 3004 1707 3067 distincte
1741 3015 1914 3085 colligi
1949 3014 2154 3083 poterit,
2200 3032 2373 3083 operae

233 3109 371 3158 enim
409 3110 633 3177 pretium
670 3128 776 3160 non
813 3110 1122 3178 judicamus,
1168 3128 1263 3178 per
1301 3108 1585 3160 solidorum
1623 3106 2055 3158 introductionem
2092 3104 2227 3156 hanc
2264 3124 2374 3157 rem

236 3201 447 3270 cognitu
473 3199 618 3252 tanto
645 3201 986 3252 difficiliorem
1013 3200 1247 3253 reddere.

308 3292 345 3352 ᾗ.
375 3295 458 3340 94.
507 3286 587 3339 Εὸ
626 3288 797 3339 minus
835 3300 1006 3340 autem
1044 3289 1196 3358 hujus
1235 3299 1490 3341 accuratae
1527 3287 1843 3357 inquisitioni
1880 3286 2185 3348 insistemuS,
2231 3284 2372 3355 quod

226 3377 459 3429 celeritas
504 3381 836 3450 progressiva
878 3381 1092 3449 insuper
1136 3399 1166 3431 a
1207 3379 1560 3448 profunditate
1604 3377 1759 3428 maris
1801 3376 2037 3445 pendeat.
2133 3373 2291 3436 Quod
2329 3375 2393 3425 si*

224 3465 362 3516 enim
388 3485 642 3533 ponamus
667 3487 719 3518 m
745 3486 780 3518 n
801 3469 911 3537 jam
938 3488 1048 3520 esse
1073 3468 1229 3520 maris
1255 3468 1490 3531 fundum,
1518 3468 1589 3518 ita
1613 3476 1670 3517 ut
1694 3465 2017 3535 profunditas
2043 3464 2198 3515 maris
2224 3464 2277 3514 in
2306 3463 2370 3516 M

137 3568 140 3571 ⁴
224 3554 392 3622 major
428 3572 534 3604 non
572 3567 703 3607 esset
741 3555 895 3625 quam
937 3556 1001 3608 M
1027 3576 1095 3619 m,
1137 3567 1243 3608 tam
1269 3557 1353 3608 isti
1379 3574 1529 3625 aquae
1555 3565 1728 3606 tantus
1753 3565 1922 3605 motus
1949 3555 2114 3605 inesse
2140 3552 2365 3615 deberet,

221 3665 326 3715 quo
354 3665 430 3709 ea,
461 3646 586 3696 dum
612 3649 786 3700 fluxus
812 3668 878 3699 ex
906 3650 954 3700 A
985 3650 1038 3699 in
1064 3669 1095 3700 a
1121 3649 1321 3712 transit,
1352 3667 1418 3699 ex
1445 3648 1545 3699 situ
1571 3665 1605 3697 n
1636 3647 1679 3698 F
1707 3646 1771 3698 M
1796 3664 1850 3699 m
1875 3646 1929 3696 in
1955 3645 2108 3695 situm
2133 3663 2185 3694 m
2205 3644 2248 3695 F
2266 3644 2367 3695 Nn

222 3736 491 3788 transferri
527 3748 716 3804 posset.
796 3739 906 3790 Hic
944 3750 1116 3791 autem
1154 3750 1326 3791 motus
1365 3739 1598 3809 quamvis
1625 3738 1690 3789 sit
1715 3736 1963 3788 difformis
2002 3746 2053 3787 et
2087 3754 2181 3804 per
2206 3744 2365 3786 totam
2453 3758 2467 3774 ·

218 3841 441 3875 massam
480 3824 819 3893 inaequabilis,
860 3834 1033 3877 tamen
1070 3827 1113 3877 si
1155 3836 1263 3878 tota
1300 3825 1570 3879 translatio
1605 3833 1879 3892 spectetur,
1920 3832 2055 3875 totus
2091 3832 2261 3875 motus
2294 3837 2361 3873 ex
