<?xml version="1.0" encoding="UTF-8"?>
<!DOCTYPE html PUBLIC "-//W3C//DTD XHTML 1.0 Transitional//EN"
    "http://www.w3.org/TR/xhtml1/DTD/xhtml1-transitional.dtd">
<html xmlns="http://www.w3.org/1999/xhtml" xml:lang="en" lang="en">
 <head>
  <title>
</title>
<meta http-equiv="Content-Type" content="text/html;charset=utf-8" />
  <meta name='ocr-system' content='tesseract 3.04.00' />
  <meta name='ocr-capabilities' content='ocr_page ocr_carea ocr_par ocr_line ocrx_word'/>
</head>
<body>
  <div class='ocr_page' id='page_1' title='image "./philonatrualprin03newtrich_0044.png"; bbox 0 0 2528 4172; ppageno 0'>
   <div class='ocr_carea' id='block_1_1' title="bbox 263 259 2403 327">
    <p class='ocr_par' dir='ltr' id='par_1_1' title="bbox 263 259 2403 327">
     <span class='ocr_line' id='line_1_1' title="bbox 263 259 2403 327; baseline 0.002 -18"><span class='ocrx_word' id='word_1_1' title='bbox 263 260 414 312; x_wconf 76' lang='lat' dir='ltr'>xxxii</span> <span class='ocrx_word' id='word_1_2' title='bbox 1059 259 1617 314; x_wconf 87' lang='lat' dir='ltr'>INTRODUCTIO</span> <span class='ocrx_word' id='word_1_3' title='bbox 2105 263 2266 327; x_wconf 80' lang='lat' dir='ltr'>[CAP.</span> <span class='ocrx_word' id='word_1_4' title='bbox 2295 262 2403 314; x_wconf 86' lang='grc' dir='ltr'>ΠΙ.</span> 
     </span>
    </p>
   </div>
   <div class='ocr_carea' id='block_1_2' title="bbox 260 400 2412 1828">
    <p class='ocr_par' dir='ltr' id='par_1_2' title="bbox 260 400 2407 809">
     <span class='ocr_line' id='line_1_2' title="bbox 260 400 2407 472; baseline 0.001 -20"><span class='ocrx_word' id='word_1_5' title='bbox 260 400 298 452; x_wconf 94' lang='lat' dir='ltr'>h</span> <span class='ocrx_word' id='word_1_6' title='bbox 335 402 402 465; x_wconf 87' lang='lat' dir='ltr'>L,</span> <span class='ocrx_word' id='word_1_7' title='bbox 445 402 742 453; x_wconf 84' lang='lat' dir='ltr'>distantiam</span> <span class='ocrx_word' id='word_1_8' title='bbox 779 411 1114 469; x_wconf 83' lang='lat' dir='ltr'>apparentem</span> <span class='ocrx_word' id='word_1_9' title='bbox 1150 402 1285 453; x_wconf 90' lang='lat' dir='ltr'>inter</span> <span class='ocrx_word' id='word_1_10' title='bbox 1320 402 1594 470; x_wconf 87' lang='lat' dir='ltr'>parallelos</span> <span class='ocrx_word' id='word_1_11' title='bbox 1633 402 1860 453; x_wconf 89' lang='lat' dir='ltr'>siderum</span> <span class='ocrx_word' id='word_1_12' title='bbox 1898 402 2122 453; x_wconf 85' lang='lat' dir='ltr'>duorum</span> <span class='ocrx_word' id='word_1_13' title='bbox 2165 422 2282 472; x_wconf 88' lang='lat' dir='ltr'>quae</span> <span class='ocrx_word' id='word_1_14' title='bbox 2326 413 2407 456; x_wconf 89' lang='lat' dir='ltr'>est</span> 
     </span>
     <span class='ocr_line' id='line_1_3' title="bbox 261 489 2405 552; baseline 0 -11"><span class='ocrx_word' id='word_1_15' title='bbox 261 489 552 541; x_wconf 86' lang='lat' dir='ltr'>differentia</span> <span class='ocrx_word' id='word_1_16' title='bbox 595 489 951 541; x_wconf 83' lang='lat' dir='ltr'>declinationis</span> <span class='ocrx_word' id='word_1_17' title='bbox 997 489 1240 552; x_wconf 87' lang='lat' dir='ltr'>siderum,</span> <span class='ocrx_word' id='word_1_18' title='bbox 1287 490 1650 541; x_wconf 86' lang='lat' dir='ltr'>obtinebimus.</span> <span class='ocrx_word' id='word_1_19' title='bbox 1730 490 1835 543; x_wconf 87' lang='lat' dir='ltr'>Sed</span> <span class='ocrx_word' id='word_1_20' title='bbox 1872 491 1916 541; x_wconf 89' lang='lat' dir='ltr'>si</span> <span class='ocrx_word' id='word_1_21' title='bbox 1949 491 2238 542; x_wconf 89' lang='lat' dir='ltr'>differentia</span> <span class='ocrx_word' id='word_1_22' title='bbox 2275 503 2405 544; x_wconf 90' lang='lat' dir='ltr'>tem-</span> 
     </span>
     <span class='ocr_line' id='line_1_4' title="bbox 261 577 2405 649; baseline 0.002 -20"><span class='ocrx_word' id='word_1_23' title='bbox 261 579 405 648; x_wconf 89' lang='lat' dir='ltr'>poris</span> <span class='ocrx_word' id='word_1_24' title='bbox 440 580 577 631; x_wconf 91' lang='lat' dir='ltr'>inter</span> <span class='ocrx_word' id='word_1_25' title='bbox 611 579 884 649; x_wconf 88' lang='lat' dir='ltr'>utriusque</span> <span class='ocrx_word' id='word_1_26' title='bbox 923 577 1106 630; x_wconf 89' lang='lat' dir='ltr'>sideris</span> <span class='ocrx_word' id='word_1_27' title='bbox 1143 578 1419 629; x_wconf 86' lang='lat' dir='ltr'>transitum</span> <span class='ocrx_word' id='word_1_28' title='bbox 1450 596 1544 647; x_wconf 91' lang='lat' dir='ltr'>per</span> <span class='ocrx_word' id='word_1_29' title='bbox 1581 578 1728 629; x_wconf 91' lang='lat' dir='ltr'>filum</span> <span class='ocrx_word' id='word_1_30' title='bbox 1763 579 2104 630; x_wconf 84' lang='lat' dir='ltr'>transversale</span> <span class='ocrx_word' id='word_1_31' title='bbox 2130 579 2184 630; x_wconf 90' lang='lat' dir='ltr'>in</span> <span class='ocrx_word' id='word_1_32' title='bbox 2208 580 2405 633; x_wconf 65' lang='lat' dir='ltr'>minuta</span> 
     </span>
     <span class='ocr_line' id='line_1_5' title="bbox 261 666 2405 738; baseline 0.001 -19"><span class='ocrx_word' id='word_1_33' title='bbox 261 676 371 719; x_wconf 88' lang='lat' dir='ltr'>tam</span> <span class='ocrx_word' id='word_1_34' title='bbox 406 667 574 736; x_wconf 68' lang='lat' dir='ltr'>prima</span> <span class='ocrx_word' id='word_1_35' title='bbox 613 666 768 737; x_wconf 77' lang='lat' dir='ltr'>quam</span> <span class='ocrx_word' id='word_1_36' title='bbox 806 666 1031 719; x_wconf 73' lang='lat' dir='ltr'>secunda</span> <span class='ocrx_word' id='word_1_37' title='bbox 1069 666 1263 738; x_wconf 67' lang='lat' dir='ltr'>gradus</span> <span class='ocrx_word' id='word_1_38' title='bbox 1306 676 1636 719; x_wconf 88' lang='lat' dir='ltr'>convertatur</span> <span class='ocrx_word' id='word_1_39' title='bbox 1682 668 1796 736; x_wconf 88' lang='lat'>(16)</span> <span class='ocrx_word' id='word_1_40' title='bbox 1842 667 2185 720; x_wconf 86' lang='lat' dir='ltr'>differentiam</span> <span class='ocrx_word' id='word_1_41' title='bbox 2227 688 2405 722; x_wconf 86' lang='lat' dir='ltr'>ascen-</span> 
     </span>
     <span class='ocr_line' id='line_1_6' title="bbox 262 756 1117 809; baseline 0 0"><span class='ocrx_word' id='word_1_42' title='bbox 262 757 513 809; x_wconf 90' lang='lat' dir='ltr'>sionalem</span> <span class='ocrx_word' id='word_1_43' title='bbox 537 756 769 809; x_wconf 90' lang='lat' dir='ltr'>siderum</span> <span class='ocrx_word' id='word_1_44' title='bbox 793 757 1117 809; x_wconf 84' lang='lat' dir='ltr'>habebimus.</span> 
     </span>
    </p>

    <p class='ocr_par' dir='ltr' id='par_1_3' title="bbox 260 846 2412 1828">
     <span class='ocr_line' id='line_1_7' title="bbox 333 846 2404 918; baseline 0.002 -21"><span class='ocrx_word' id='word_1_45' title='bbox 333 854 421 898; x_wconf 81' lang='lat'>40.</span> <span class='ocrx_word' id='word_1_46' title='bbox 468 846 608 898; x_wconf 91' lang='lat' dir='ltr'>Haec</span> <span class='ocrx_word' id='word_1_47' title='bbox 650 847 941 898; x_wconf 87' lang='lat' dir='ltr'>observatio</span> <span class='ocrx_word' id='word_1_48' title='bbox 986 846 1235 916; x_wconf 85' lang='lat' dir='ltr'>supponit</span> <span class='ocrx_word' id='word_1_49' title='bbox 1271 846 1474 898; x_wconf 90' lang='lat' dir='ltr'>nullum</span> <span class='ocrx_word' id='word_1_50' title='bbox 1516 865 1627 899; x_wconf 90' lang='lat' dir='ltr'>esse</span> <span class='ocrx_word' id='word_1_51' title='bbox 1671 847 1850 899; x_wconf 89' lang='lat' dir='ltr'>sideris</span> <span class='ocrx_word' id='word_1_52' title='bbox 1893 856 2092 899; x_wconf 88' lang='lat' dir='ltr'>motum</span> <span class='ocrx_word' id='word_1_53' title='bbox 2134 849 2404 918; x_wconf 88' lang='lat' dir='ltr'>proprium</span> 
     </span>
     <span class='ocr_line' id='line_1_8' title="bbox 261 934 2406 1008; baseline 0.003 -23"><span class='ocrx_word' id='word_1_54' title='bbox 261 934 561 1004; x_wconf 88' lang='lat' dir='ltr'>nullamque</span> <span class='ocrx_word' id='word_1_55' title='bbox 596 936 922 1004; x_wconf 85' lang='lat' dir='ltr'>parallaxim.</span> <span class='ocrx_word' id='word_1_56' title='bbox 1002 936 1060 988; x_wconf 89' lang='lat' dir='ltr'>Si</span> <span class='ocrx_word' id='word_1_57' title='bbox 1096 936 1238 988; x_wconf 87' lang='lat' dir='ltr'>sidus</span> <span class='ocrx_word' id='word_1_58' title='bbox 1275 946 1477 1007; x_wconf 87' lang='lat' dir='ltr'>motum</span> <span class='ocrx_word' id='word_1_59' title='bbox 1500 938 1772 1005; x_wconf 91' lang='lat' dir='ltr'>proprium</span> <span class='ocrx_word' id='word_1_60' title='bbox 1796 938 1999 1001; x_wconf 88' lang='lat' dir='ltr'>habeat,</span> <span class='ocrx_word' id='word_1_61' title='bbox 2028 939 2174 990; x_wconf 90' lang='lat' dir='ltr'>illum</span> <span class='ocrx_word' id='word_1_62' title='bbox 2200 951 2406 1008; x_wconf 81' lang='lat' dir='ltr'>oportet</span> 
     </span>
     <span class='ocr_line' id='line_1_9' title="bbox 263 1024 2407 1095; baseline 0.003 -20"><span class='ocrx_word' id='word_1_63' title='bbox 263 1041 331 1075; x_wconf 85' lang='lat' dir='ltr'>ex</span> <span class='ocrx_word' id='word_1_64' title='bbox 368 1024 813 1076; x_wconf 86' lang='lat' dir='ltr'>observationibus</span> <span class='ocrx_word' id='word_1_65' title='bbox 840 1025 1184 1076; x_wconf 88' lang='lat' dir='ltr'>determinare</span> <span class='ocrx_word' id='word_1_66' title='bbox 1212 1025 1384 1095; x_wconf 89' lang='lat' dir='ltr'>quoad</span> <span class='ocrx_word' id='word_1_67' title='bbox 1409 1025 1807 1078; x_wconf 86' lang='lat' dir='ltr'>declinationem</span> <span class='ocrx_word' id='word_1_68' title='bbox 1833 1038 1884 1079; x_wconf 90' lang='lat' dir='ltr'>et</span> <span class='ocrx_word' id='word_1_69' title='bbox 1909 1028 2262 1080; x_wconf 88' lang='lat' dir='ltr'>ascensionem</span> <span class='ocrx_word' id='word_1_70' title='bbox 2295 1049 2407 1081; x_wconf 91' lang='lat' dir='ltr'>rec-</span> 
     </span>
     <span class='ocr_line' id='line_1_10' title="bbox 261 1112 2407 1190; baseline 0.004 -26"><span class='ocrx_word' id='word_1_71' title='bbox 261 1124 370 1165; x_wconf 86' lang='lat' dir='ltr'>tam</span> <span class='ocrx_word' id='word_1_72' title='bbox 404 1112 645 1184; x_wconf 75' lang='lat' dir='ltr'>illiusque</span> <span class='ocrx_word' id='word_1_73' title='bbox 680 1116 934 1166; x_wconf 91' lang='lat' dir='ltr'>rationem</span> <span class='ocrx_word' id='word_1_74' title='bbox 959 1115 1167 1167; x_wconf 90' lang='lat' dir='ltr'>habere.</span> <span class='ocrx_word' id='word_1_75' title='bbox 1264 1116 1388 1177; x_wconf 83' lang='lat' dir='ltr'>Quo</span> <span class='ocrx_word' id='word_1_76' title='bbox 1413 1128 1644 1184; x_wconf 89' lang='lat' dir='ltr'>peracto,</span> <span class='ocrx_word' id='word_1_77' title='bbox 1674 1118 1717 1169; x_wconf 91' lang='lat' dir='ltr'>si</span> <span class='ocrx_word' id='word_1_78' title='bbox 1741 1118 1912 1189; x_wconf 90' lang='lat' dir='ltr'>aliqua</span> <span class='ocrx_word' id='word_1_79' title='bbox 1938 1120 2003 1171; x_wconf 88' lang='lat' dir='ltr'>sit</span> <span class='ocrx_word' id='word_1_80' title='bbox 2029 1120 2211 1172; x_wconf 90' lang='lat' dir='ltr'>sideris</span> <span class='ocrx_word' id='word_1_81' title='bbox 2236 1123 2407 1190; x_wconf 89' lang='lat' dir='ltr'>paral-</span> 
     </span>
     <span class='ocr_line' id='line_1_11' title="bbox 260 1204 2407 1279; baseline 0.003 -23"><span class='ocrx_word' id='word_1_82' title='bbox 260 1205 393 1257; x_wconf 84' lang='lat' dir='ltr'>laxis</span> <span class='ocrx_word' id='word_1_83' title='bbox 429 1206 623 1274; x_wconf 90' lang='lat' dir='ltr'>poterit</span> <span class='ocrx_word' id='word_1_84' title='bbox 659 1204 732 1258; x_wconf 74' lang='lat' dir='ltr'>ita</span> <span class='ocrx_word' id='word_1_85' title='bbox 766 1207 1000 1275; x_wconf 87' lang='lat' dir='ltr'>reperiri.</span> <span class='ocrx_word' id='word_1_86' title='bbox 1078 1206 1399 1259; x_wconf 87' lang='lat' dir='ltr'>Observetur</span> <span class='ocrx_word' id='word_1_87' title='bbox 1425 1206 1606 1258; x_wconf 90' lang='lat' dir='ltr'>sideris</span> <span class='ocrx_word' id='word_1_88' title='bbox 1632 1207 1700 1259; x_wconf 92' lang='lat' dir='ltr'>ad</span> <span class='ocrx_word' id='word_1_89' title='bbox 1722 1209 2065 1261; x_wconf 88' lang='lat' dir='ltr'>meridianum</span> <span class='ocrx_word' id='word_1_90' title='bbox 2103 1212 2407 1279; x_wconf 85' lang='lat' dir='ltr'>appellentis</span> 
     </span>
     <span class='ocr_line' id='line_1_12' title="bbox 264 1296 2409 1367; baseline 0.001 -18"><span class='ocrx_word' id='word_1_91' title='bbox 264 1297 497 1349; x_wconf 90' lang='lat' dir='ltr'>ascensio</span> <span class='ocrx_word' id='word_1_92' title='bbox 534 1307 677 1349; x_wconf 91' lang='lat' dir='ltr'>recta</span> <span class='ocrx_word' id='word_1_93' title='bbox 715 1316 832 1367; x_wconf 86' lang='lat' dir='ltr'>quae</span> <span class='ocrx_word' id='word_1_94' title='bbox 867 1296 1121 1367; x_wconf 86' lang='lat' dir='ltr'>parallaxi</span> <span class='ocrx_word' id='word_1_95' title='bbox 1159 1297 1388 1348; x_wconf 88' lang='lat' dir='ltr'>obnoxia</span> <span class='ocrx_word' id='word_1_96' title='bbox 1424 1315 1533 1348; x_wconf 91' lang='lat' dir='ltr'>non</span> <span class='ocrx_word' id='word_1_97' title='bbox 1572 1308 1650 1349; x_wconf 84' lang='lat' dir='ltr'>est</span> <span class='ocrx_word' id='word_1_98' title='bbox 1695 1299 1826 1367; x_wconf 84' lang='lat'>(33),</span> <span class='ocrx_word' id='word_1_99' title='bbox 1868 1310 1920 1351; x_wconf 89' lang='lat' dir='ltr'>et</span> <span class='ocrx_word' id='word_1_100' title='bbox 1954 1300 2243 1355; x_wconf 87' lang='lat' dir='ltr'>differentia</span> <span class='ocrx_word' id='word_1_101' title='bbox 2274 1302 2409 1353; x_wconf 89' lang='lat' dir='ltr'>inter</span> 
     </span>
     <span class='ocr_line' id='line_1_13' title="bbox 262 1386 2410 1444; baseline 0.003 -7"><span class='ocrx_word' id='word_1_102' title='bbox 262 1386 402 1438; x_wconf 90' lang='lat' dir='ltr'>hanc</span> <span class='ocrx_word' id='word_1_103' title='bbox 439 1386 795 1438; x_wconf 88' lang='lat' dir='ltr'>ascensionem</span> <span class='ocrx_word' id='word_1_104' title='bbox 830 1397 1026 1438; x_wconf 86' lang='lat' dir='ltr'>rectam</span> <span class='ocrx_word' id='word_1_105' title='bbox 1063 1386 1244 1438; x_wconf 88' lang='lat' dir='ltr'>sideris</span> <span class='ocrx_word' id='word_1_106' title='bbox 1278 1387 1334 1438; x_wconf 91' lang='lat' dir='ltr'>in</span> <span class='ocrx_word' id='word_1_107' title='bbox 1376 1387 1664 1439; x_wconf 86' lang='lat' dir='ltr'>meridiano</span> <span class='ocrx_word' id='word_1_108' title='bbox 1690 1389 1955 1442; x_wconf 85' lang='lat' dir='ltr'>existentis</span> <span class='ocrx_word' id='word_1_109' title='bbox 1982 1400 2032 1442; x_wconf 92' lang='lat' dir='ltr'>et</span> <span class='ocrx_word' id='word_1_110' title='bbox 2058 1391 2410 1444; x_wconf 87' lang='lat' dir='ltr'>ascensionem</span> 
     </span>
     <span class='ocr_line' id='line_1_14' title="bbox 263 1479 2412 1550; baseline 0.001 -20"><span class='ocrx_word' id='word_1_111' title='bbox 263 1488 460 1530; x_wconf 88' lang='lat' dir='ltr'>rectam</span> <span class='ocrx_word' id='word_1_112' title='bbox 495 1479 726 1549; x_wconf 87' lang='lat' dir='ltr'>ejusdem</span> <span class='ocrx_word' id='word_1_113' title='bbox 761 1479 942 1532; x_wconf 89' lang='lat' dir='ltr'>sideris</span> <span class='ocrx_word' id='word_1_114' title='bbox 978 1480 1098 1531; x_wconf 89' lang='lat' dir='ltr'>alibi</span> <span class='ocrx_word' id='word_1_115' title='bbox 1140 1479 1406 1531; x_wconf 84' lang='lat' dir='ltr'>existentis</span> <span class='ocrx_word' id='word_1_116' title='bbox 1433 1479 1775 1543; x_wconf 84' lang='lat' dir='ltr'>observatam,</span> <span class='ocrx_word' id='word_1_117' title='bbox 1806 1481 1903 1532; x_wconf 89' lang='lat' dir='ltr'>erit</span> <span class='ocrx_word' id='word_1_118' title='bbox 1927 1482 2207 1550; x_wconf 88' lang='lat' dir='ltr'>parallaxis</span> <span class='ocrx_word' id='word_1_119' title='bbox 2234 1501 2412 1534; x_wconf 91' lang='lat' dir='ltr'>ascen-</span> 
     </span>
     <span class='ocr_line' id='line_1_15' title="bbox 266 1570 2411 1643; baseline 0.002 -22"><span class='ocrx_word' id='word_1_120' title='bbox 266 1570 424 1623; x_wconf 87' lang='lat' dir='ltr'>sionis</span> <span class='ocrx_word' id='word_1_121' title='bbox 451 1583 607 1623; x_wconf 90' lang='lat' dir='ltr'>rectae</span> <span class='ocrx_word' id='word_1_122' title='bbox 634 1591 701 1623; x_wconf 86' lang='lat' dir='ltr'>ex</span> <span class='ocrx_word' id='word_1_123' title='bbox 726 1571 826 1643; x_wconf 71' lang='lat' dir='ltr'>qua</span> <span class='ocrx_word' id='word_1_124' title='bbox 846 1571 1123 1641; x_wconf 86' lang='lat' dir='ltr'>parallaxis</span> <span class='ocrx_word' id='word_1_125' title='bbox 1151 1570 1435 1622; x_wconf 84' lang='lat' dir='ltr'>altitudinis</span> <span class='ocrx_word' id='word_1_126' title='bbox 1460 1570 1680 1623; x_wconf 85' lang='lat' dir='ltr'>inveniri</span> <span class='ocrx_word' id='word_1_127' title='bbox 1702 1572 1909 1640; x_wconf 86' lang='lat' dir='ltr'>poterit.</span> <span class='ocrx_word' id='word_1_128' title='bbox 1992 1573 2070 1625; x_wconf 91' lang='lat' dir='ltr'>Sit</span> <span class='ocrx_word' id='word_1_129' title='bbox 2095 1572 2233 1624; x_wconf 91' lang='lat' dir='ltr'>enim</span> <span class='ocrx_word' id='word_1_130' title='bbox 2278 1573 2339 1625; x_wconf 95' lang='lat' dir='ltr'>H</span> <span class='ocrx_word' id='word_1_131' title='bbox 2362 1574 2411 1625; x_wconf 88' lang='lat' dir='ltr'>R</span> 
     </span>
     <span class='ocr_line' id='line_1_16' title="bbox 262 1649 1498 1727; baseline 0.001 -14"><span class='ocrx_word' id='word_1_132' title='bbox 262 1662 496 1727; x_wconf 85' lang='lat' dir='ltr'>horizon,</span> <span class='ocrx_word' id='word_1_133' title='bbox 539 1663 600 1715; x_wconf 93' lang='lat' dir='ltr'>H</span> <span class='ocrx_word' id='word_1_134' title='bbox 629 1664 671 1715; x_wconf 96' lang='lat' dir='ltr'>Z</span> <span class='ocrx_word' id='word_1_135' title='bbox 699 1664 750 1715; x_wconf 84' lang='lat' dir='ltr'>R</span> <span class='ocrx_word' id='word_1_136' title='bbox 773 1649 1107 1725; x_wconf 77' lang='lat' dir='ltr'>meridianuS,</span> <span class='ocrx_word' id='word_1_137' title='bbox 1150 1663 1192 1714; x_wconf 94' lang='lat' dir='ltr'><strong>Z</strong></span> <span class='ocrx_word' id='word_1_138' title='bbox 1219 1661 1407 1725; x_wconf 90' lang='lat' dir='ltr'>zenith,</span> <span class='ocrx_word' id='word_1_139' title='bbox 1452 1662 1498 1714; x_wconf 92' lang='lat' dir='ltr'>P</span> 
     </span>
     <span class='ocr_line' id='line_1_17' title="bbox 264 1749 2190 1828; baseline -0.002 -23"><span class='ocrx_word' id='word_1_140' title='bbox 264 1754 418 1823; x_wconf 91' lang='lat' dir='ltr'>polus</span> <span class='ocrx_word' id='word_1_141' title='bbox 455 1753 653 1817; x_wconf 87' lang='lat' dir='ltr'>mundi,</span> <span class='ocrx_word' id='word_1_142' title='bbox 694 1755 737 1806; x_wconf 94' lang='lat' dir='ltr'>Z</span> <span class='ocrx_word' id='word_1_143' title='bbox 767 1756 805 1807; x_wconf 90' lang='lat' dir='ltr'>S</span> <span class='ocrx_word' id='word_1_144' title='bbox 832 1754 879 1806; x_wconf 89' lang='lat' dir='ltr'>E</span> <span class='ocrx_word' id='word_1_145' title='bbox 905 1754 957 1805; x_wconf 93' lang='lat' dir='ltr'><strong>V</strong></span> <span class='ocrx_word' id='word_1_146' title='bbox 983 1752 1204 1805; x_wconf 85' lang='lat' dir='ltr'>circulus</span> <span class='ocrx_word' id='word_1_147' title='bbox 1229 1752 1501 1815; x_wconf 84' lang='lat' dir='ltr'>verticalis,</span> <span class='ocrx_word' id='word_1_148' title='bbox 1917 1749 1949 1787; x_wconf 73' lang='lat' dir='ltr'>Z</span> <span class='ocrx_word' id='word_1_149' title='bbox 2141 1780 2190 1828; x_wconf 75' lang='lat' dir='ltr'>P</span> 
     </span>
    </p>
   </div>
   <div class='ocr_carea' id='block_1_3' title="bbox 266 1798 2146 2138">
    <p class='ocr_par' dir='ltr' id='par_1_4' title="bbox 266 1798 2146 2138">
     <span class='ocr_line' id='line_1_18' title="bbox 271 1798 2143 1969; baseline -0.005 -71"><span class='ocrx_word' id='word_1_150' title='bbox 271 1846 309 1898; x_wconf 89' lang='lat' dir='ltr'>S</span> <span class='ocrx_word' id='word_1_151' title='bbox 336 1845 477 1897; x_wconf 86' lang='lat' dir='ltr'>sidus</span> <span class='ocrx_word' id='word_1_152' title='bbox 503 1845 833 1897; x_wconf 87' lang='lat' dir='ltr'>observatum</span> <span class='ocrx_word' id='word_1_153' title='bbox 857 1845 911 1895; x_wconf 91' lang='lat' dir='ltr'>in</span> <span class='ocrx_word' id='word_1_154' title='bbox 937 1844 1054 1895; x_wconf 94' lang='lat' dir='ltr'>loco</span> <span class='ocrx_word' id='word_1_155' title='bbox 1083 1844 1120 1896; x_wconf 89' lang='lat' dir='ltr'>S</span> <span class='ocrx_word' id='word_1_156' title='bbox 1147 1852 1199 1895; x_wconf 93' lang='lat' dir='ltr'>et</span> <span class='ocrx_word' id='word_1_157' title='bbox 1224 1841 1414 1894; x_wconf 75' lang='lat' dir='ltr'>deinde</span> <span class='ocrx_word' id='word_1_158' title='bbox 1450 1842 1506 1892; x_wconf 92' lang='lat' dir='ltr'>in</span> <span class='ocrx_word' id='word_1_159' title='bbox 1969 1798 2143 1969; x_wconf 51' lang='grc' dir='ltr'><em>Ὗ</em></span> 
     </span>
     <span class='ocr_line' id='line_1_19' title="bbox 266 1854 2146 2052; baseline -0.003 -64"><span class='ocrx_word' id='word_1_160' title='bbox 266 1936 572 2000; x_wconf 83' lang='lat' dir='ltr'>meridianO,</span> <span class='ocrx_word' id='word_1_161' title='bbox 613 1937 661 1989; x_wconf 88' lang='lat' dir='ltr'>E</span> <span class='ocrx_word' id='word_1_162' title='bbox 696 1937 841 1989; x_wconf 88' lang='lat' dir='ltr'>locus</span> <span class='ocrx_word' id='word_1_163' title='bbox 880 1934 1061 1987; x_wconf 89' lang='lat' dir='ltr'>sideris</span> <span class='ocrx_word' id='word_1_164' title='bbox 1094 1933 1250 1996; x_wconf 80' lang='lat' dir='ltr'>viSUS,</span> <span class='ocrx_word' id='word_1_165' title='bbox 1292 1934 1330 1986; x_wconf 91' lang='lat' dir='ltr'>S</span> <span class='ocrx_word' id='word_1_166' title='bbox 1361 1933 1507 1985; x_wconf 92' lang='lat' dir='ltr'>locus</span> <span class='ocrx_word' id='word_1_167' title='bbox 2079 1854 2146 2052; x_wconf 52' lang='lat' dir='ltr'><em>l</em></span> 
     </span>
     <span class='ocr_line' id='line_1_20' title="bbox 266 1800 2090 2138; baseline -0.001 -62"><span class='ocrx_word' id='word_1_168' title='bbox 266 2043 436 2088; x_wconf 84' lang='lat' dir='ltr'>veruS,</span> <span class='ocrx_word' id='word_1_169' title='bbox 474 2035 526 2078; x_wconf 93' lang='lat' dir='ltr'>et</span> <span class='ocrx_word' id='word_1_170' title='bbox 559 2024 678 2078; x_wconf 77' lang='lat' dir='ltr'>ideo</span> <span class='ocrx_word' id='word_1_171' title='bbox 716 2027 753 2079; x_wconf 91' lang='lat' dir='ltr'>S</span> <span class='ocrx_word' id='word_1_172' title='bbox 790 2026 837 2078; x_wconf 89' lang='lat' dir='ltr'><strong>E</strong></span> <span class='ocrx_word' id='word_1_173' title='bbox 870 2024 1149 2095; x_wconf 88' lang='lat' dir='ltr'>parallaxis</span> <span class='ocrx_word' id='word_1_174' title='bbox 1190 2023 1505 2086; x_wconf 87' lang='lat' dir='ltr'>altitudinis;</span> <span class='ocrx_word' id='word_1_175' title='bbox 1583 1800 2090 2138; x_wconf 56' lang='lat'>{1¹</span> 
     </span>
    </p>
   </div>
   <div class='ocr_carea' id='block_1_4' title="bbox 270 2114 2486 3799">
    <p class='ocr_par' dir='ltr' id='par_1_5' title="bbox 271 2114 2120 2278">
     <span class='ocr_line' id='line_1_21' title="bbox 271 2114 2120 2184; baseline -0.003 -17"><span class='ocrx_word' id='word_1_176' title='bbox 271 2116 310 2167; x_wconf 87' lang='lat' dir='ltr'>S</span> <span class='ocrx_word' id='word_1_177' title='bbox 338 2114 383 2167; x_wconf 94' lang='lat' dir='ltr'>P</span> <span class='ocrx_word' id='word_1_178' title='bbox 409 2124 461 2166; x_wconf 88' lang='lat' dir='ltr'>et</span> <span class='ocrx_word' id='word_1_179' title='bbox 493 2116 538 2167; x_wconf 95' lang='lat' dir='ltr'>P</span> <span class='ocrx_word' id='word_1_180' title='bbox 565 2116 614 2167; x_wconf 89' lang='lat' dir='ltr'><strong>E</strong></span> <span class='ocrx_word' id='word_1_181' title='bbox 655 2115 835 2167; x_wconf 91' lang='lat' dir='ltr'>circuli</span> <span class='ocrx_word' id='word_1_182' title='bbox 870 2114 1243 2167; x_wconf 72' lang='lat' dir='ltr'>declinationis·</span> <span class='ocrx_word' id='word_1_183' title='bbox 1317 2114 1507 2177; x_wconf 91' lang='lat' dir='ltr'>Datur,</span> <span class='ocrx_word' id='word_1_184' title='bbox 2066 2143 2120 2184; x_wconf 77' lang='lat' dir='ltr'><strong>V</strong></span> 
     </span>
     <span class='ocr_line' id='line_1_22' title="bbox 271 2206 1512 2278; baseline -0.002 -20"><span class='ocrx_word' id='word_1_185' title='bbox 271 2209 389 2275; x_wconf 89' lang='lat' dir='ltr'>(per</span> <span class='ocrx_word' id='word_1_186' title='bbox 413 2206 588 2277; x_wconf 76' lang='lat' dir='ltr'>Hyp.)</span> <span class='ocrx_word' id='word_1_187' title='bbox 618 2207 838 2278; x_wconf 89' lang='lat' dir='ltr'>angulus</span> <span class='ocrx_word' id='word_1_188' title='bbox 868 2208 905 2260; x_wconf 91' lang='lat' dir='ltr'>S</span> <span class='ocrx_word' id='word_1_189' title='bbox 935 2207 980 2259; x_wconf 89' lang='lat' dir='ltr'><strong>P</strong></span> <span class='ocrx_word' id='word_1_190' title='bbox 1007 2207 1071 2269; x_wconf 83' lang='lat' dir='ltr'>E,</span> <span class='ocrx_word' id='word_1_191' title='bbox 1100 2206 1245 2275; x_wconf 84' lang='lat' dir='ltr'>cujus</span> <span class='ocrx_word' id='word_1_192' title='bbox 1270 2223 1512 2256; x_wconf 87' lang='lat' dir='ltr'>mensura</span> 
     </span>
    </p>

    <p class='ocr_par' dir='ltr' id='par_1_6' title="bbox 270 2291 2486 3241">
     <span class='ocr_line' id='line_1_23' title="bbox 270 2291 2418 2363; baseline -0.001 -17"><span class='ocrx_word' id='word_1_193' title='bbox 270 2304 348 2346; x_wconf 88' lang='lat' dir='ltr'>est</span> <span class='ocrx_word' id='word_1_194' title='bbox 383 2295 662 2363; x_wconf 84' lang='lat' dir='ltr'>parallaxis</span> <span class='ocrx_word' id='word_1_195' title='bbox 688 2296 1002 2347; x_wconf 89' lang='lat' dir='ltr'>ascensionis</span> <span class='ocrx_word' id='word_1_196' title='bbox 1028 2305 1184 2346; x_wconf 83' lang='lat' dir='ltr'>rectae</span> <span class='ocrx_word' id='word_1_197' title='bbox 1212 2294 1392 2346; x_wconf 89' lang='lat' dir='ltr'>sideris</span> <span class='ocrx_word' id='word_1_198' title='bbox 1418 2294 1708 2345; x_wconf 88' lang='lat' dir='ltr'>observata.</span> <span class='ocrx_word' id='word_1_199' title='bbox 1783 2291 1959 2344; x_wconf 88' lang='lat' dir='ltr'>Datur</span> <span class='ocrx_word' id='word_1_200' title='bbox 1985 2292 2139 2344; x_wconf 79' lang='lat' dir='ltr'>etiam</span> <span class='ocrx_word' id='word_1_201' title='bbox 2165 2300 2418 2361; x_wconf 89' lang='lat' dir='ltr'>punctum</span> 
     </span>
     <span class='ocr_line' id='line_1_24' title="bbox 272 2381 2417 2456; baseline -0.001 -20"><span class='ocrx_word' id='word_1_202' title='bbox 272 2385 405 2436; x_wconf 90' lang='lat' dir='ltr'>illud</span> <span class='ocrx_word' id='word_1_203' title='bbox 443 2386 584 2456; x_wconf 90' lang='lat' dir='ltr'>quod</span> <span class='ocrx_word' id='word_1_204' title='bbox 622 2397 698 2438; x_wconf 89' lang='lat' dir='ltr'>est</span> <span class='ocrx_word' id='word_1_205' title='bbox 733 2387 1029 2437; x_wconf 82' lang='lat' dir='ltr'>intersectio</span> <span class='ocrx_word' id='word_1_206' title='bbox 1065 2385 1341 2455; x_wconf 85' lang='lat' dir='ltr'>aequatoris</span> <span class='ocrx_word' id='word_1_207' title='bbox 1380 2393 1431 2436; x_wconf 93' lang='lat' dir='ltr'>et</span> <span class='ocrx_word' id='word_1_208' title='bbox 1463 2381 1739 2435; x_wconf 89' lang='lat' dir='ltr'>meridiani</span> <span class='ocrx_word' id='word_1_209' title='bbox 1769 2390 2005 2451; x_wconf 89' lang='lat' dir='ltr'>tempore</span> <span class='ocrx_word' id='word_1_210' title='bbox 2042 2382 2417 2434; x_wconf 87' lang='lat' dir='ltr'>observationis</span> 
     </span>
     <span class='ocr_line' id='line_1_25' title="bbox 272 2471 2419 2544; baseline -0.001 -18"><span class='ocrx_word' id='word_1_211' title='bbox 272 2475 454 2527; x_wconf 89' lang='lat' dir='ltr'>sideris</span> <span class='ocrx_word' id='word_1_212' title='bbox 491 2475 547 2527; x_wconf 91' lang='lat' dir='ltr'>in</span> <span class='ocrx_word' id='word_1_213' title='bbox 582 2475 645 2539; x_wconf 88' lang='lat' dir='ltr'>E,</span> <span class='ocrx_word' id='word_1_214' title='bbox 675 2471 986 2544; x_wconf 87' lang='lat' dir='ltr'>apparentis,</span> <span class='ocrx_word' id='word_1_215' title='bbox 1016 2473 1157 2526; x_wconf 77' lang='lat' dir='ltr'>unde</span> <span class='ocrx_word' id='word_1_216' title='bbox 1183 2474 1405 2526; x_wconf 89' lang='lat' dir='ltr'>habetur</span> <span class='ocrx_word' id='word_1_217' title='bbox 1429 2491 1580 2525; x_wconf 87' lang='lat' dir='ltr'>arcus</span> <span class='ocrx_word' id='word_1_218' title='bbox 1607 2471 1883 2543; x_wconf 87' lang='lat' dir='ltr'>aequatoris</span> <span class='ocrx_word' id='word_1_219' title='bbox 1908 2472 2048 2524; x_wconf 91' lang='lat' dir='ltr'>inter</span> <span class='ocrx_word' id='word_1_220' title='bbox 2071 2472 2419 2524; x_wconf 90' lang='lat' dir='ltr'>meridianum</span> 
     </span>
     <span class='ocr_line' id='line_1_26' title="bbox 275 2561 2419 2633; baseline -0.003 -15"><span class='ocrx_word' id='word_1_221' title='bbox 275 2566 325 2618; x_wconf 88' lang='lat' dir='ltr'>R</span> <span class='ocrx_word' id='word_1_222' title='bbox 355 2567 397 2618; x_wconf 95' lang='lat' dir='ltr'><strong>Z</strong></span> <span class='ocrx_word' id='word_1_223' title='bbox 425 2567 487 2619; x_wconf 95' lang='lat' dir='ltr'>H</span> <span class='ocrx_word' id='word_1_224' title='bbox 513 2577 564 2620; x_wconf 91' lang='lat' dir='ltr'>et</span> <span class='ocrx_word' id='word_1_225' title='bbox 588 2567 839 2619; x_wconf 91' lang='lat' dir='ltr'>circulum</span> <span class='ocrx_word' id='word_1_226' title='bbox 865 2566 1222 2618; x_wconf 89' lang='lat' dir='ltr'>declinationis</span> <span class='ocrx_word' id='word_1_227' title='bbox 1262 2566 1308 2618; x_wconf 92' lang='lat' dir='ltr'>P</span> <span class='ocrx_word' id='word_1_228' title='bbox 1335 2565 1383 2617; x_wconf 88' lang='lat' dir='ltr'>E</span> <span class='ocrx_word' id='word_1_229' title='bbox 1409 2565 1724 2633; x_wconf 90' lang='lat' dir='ltr'>interceptus</span> <span class='ocrx_word' id='word_1_230' title='bbox 1751 2563 1842 2633; x_wconf 94' lang='lat' dir='ltr'>qui</span> <span class='ocrx_word' id='word_1_231' title='bbox 1867 2571 1945 2614; x_wconf 92' lang='lat' dir='ltr'>est</span> <span class='ocrx_word' id='word_1_232' title='bbox 1970 2580 2217 2613; x_wconf 86' lang='lat' dir='ltr'>mensura</span> <span class='ocrx_word' id='word_1_233' title='bbox 2243 2561 2419 2632; x_wconf 85' lang='lat' dir='ltr'>anguli</span> 
     </span>
     <span class='ocr_line' id='line_1_27' title="bbox 275 2650 2420 2726; baseline -0.003 -20"><span class='ocrx_word' id='word_1_234' title='bbox 275 2656 317 2706; x_wconf 94' lang='lat' dir='ltr'>Z</span> <span class='ocrx_word' id='word_1_235' title='bbox 356 2656 401 2708; x_wconf 93' lang='lat' dir='ltr'>P</span> <span class='ocrx_word' id='word_1_236' title='bbox 440 2656 504 2708; x_wconf 90' lang='lat' dir='ltr'>E.</span> <span class='ocrx_word' id='word_1_237' title='bbox 583 2655 761 2718; x_wconf 77' lang='lat' dir='ltr'>Quare</span> <span class='ocrx_word' id='word_1_238' title='bbox 799 2657 853 2706; x_wconf 92' lang='lat' dir='ltr'>in</span> <span class='ocrx_word' id='word_1_239' title='bbox 890 2655 1152 2726; x_wconf 86' lang='lat' dir='ltr'>triangulo</span> <span class='ocrx_word' id='word_1_240' title='bbox 1192 2655 1235 2706; x_wconf 95' lang='lat' dir='ltr'><strong>Z</strong></span> <span class='ocrx_word' id='word_1_241' title='bbox 1275 2654 1320 2706; x_wconf 93' lang='lat' dir='ltr'>P</span> <span class='ocrx_word' id='word_1_242' title='bbox 1359 2654 1440 2719; x_wconf 67' lang='grc' dir='ltr'>Ε,</span> <span class='ocrx_word' id='word_1_243' title='bbox 1466 2653 1656 2704; x_wconf 88' lang='lat' dir='ltr'>dantur</span> <span class='ocrx_word' id='word_1_244' title='bbox 1680 2652 1814 2703; x_wconf 88' lang='lat' dir='ltr'>latus</span> <span class='ocrx_word' id='word_1_245' title='bbox 1845 2651 1887 2702; x_wconf 93' lang='lat' dir='ltr'>Z</span> <span class='ocrx_word' id='word_1_246' title='bbox 1917 2650 1962 2702; x_wconf 93' lang='lat' dir='ltr'>P</span> <span class='ocrx_word' id='word_1_247' title='bbox 1987 2650 2232 2701; x_wconf 87' lang='lat' dir='ltr'>distantia</span> <span class='ocrx_word' id='word_1_248' title='bbox 2256 2650 2364 2718; x_wconf 90' lang='lat' dir='ltr'>poli</span> <span class='ocrx_word' id='word_1_249' title='bbox 2388 2668 2420 2700; x_wconf 88' lang='lat' dir='ltr'>a</span> 
     </span>
     <span class='ocr_line' id='line_1_28' title="bbox 273 2737 2417 2808; baseline -0.002 -14"><span class='ocrx_word' id='word_1_250' title='bbox 273 2745 482 2808; x_wconf 89' lang='lat' dir='ltr'>vertice,</span> <span class='ocrx_word' id='word_1_251' title='bbox 524 2754 576 2797; x_wconf 93' lang='lat' dir='ltr'>et</span> <span class='ocrx_word' id='word_1_252' title='bbox 611 2745 745 2797; x_wconf 86' lang='lat' dir='ltr'>latus</span> <span class='ocrx_word' id='word_1_253' title='bbox 782 2745 824 2796; x_wconf 96' lang='lat' dir='ltr'>Z</span> <span class='ocrx_word' id='word_1_254' title='bbox 861 2744 909 2797; x_wconf 91' lang='lat' dir='ltr'><strong>E</strong></span> <span class='ocrx_word' id='word_1_255' title='bbox 943 2743 1183 2795; x_wconf 86' lang='lat' dir='ltr'>distantia</span> <span class='ocrx_word' id='word_1_256' title='bbox 1216 2742 1325 2794; x_wconf 87' lang='lat' dir='ltr'>visa</span> <span class='ocrx_word' id='word_1_257' title='bbox 1362 2741 1543 2793; x_wconf 89' lang='lat' dir='ltr'>sideris</span> <span class='ocrx_word' id='word_1_258' title='bbox 1569 2760 1600 2792; x_wconf 91' lang='lat' dir='ltr'>a</span> <span class='ocrx_word' id='word_1_259' title='bbox 1624 2739 1816 2792; x_wconf 90' lang='lat' dir='ltr'>vertice</span> <span class='ocrx_word' id='word_1_260' title='bbox 1842 2756 1961 2790; x_wconf 91' lang='lat' dir='ltr'>cum</span> <span class='ocrx_word' id='word_1_261' title='bbox 1990 2737 2182 2808; x_wconf 83' lang='lat' dir='ltr'>angulo</span> <span class='ocrx_word' id='word_1_262' title='bbox 2209 2737 2253 2788; x_wconf 96' lang='lat' dir='ltr'>Z</span> <span class='ocrx_word' id='word_1_263' title='bbox 2282 2737 2326 2789; x_wconf 92' lang='lat' dir='ltr'>P</span> <span class='ocrx_word' id='word_1_264' title='bbox 2353 2737 2417 2789; x_wconf 89' lang='grc' dir='ltr'>Ε.</span> 
     </span>
     <span class='ocr_line' id='line_1_29' title="bbox 272 2827 2418 2905; baseline -0.002 -21"><span class='ocrx_word' id='word_1_265' title='bbox 272 2832 571 2886; x_wconf 86' lang='lat' dir='ltr'>Innotescet</span> <span class='ocrx_word' id='word_1_266' title='bbox 614 2835 771 2905; x_wconf 86' lang='lat' dir='ltr'>igitur</span> <span class='ocrx_word' id='word_1_267' title='bbox 814 2834 1035 2905; x_wconf 84' lang='lat' dir='ltr'>angulus</span> <span class='ocrx_word' id='word_1_268' title='bbox 1081 2833 1126 2884; x_wconf 93' lang='lat' dir='ltr'>P</span> <span class='ocrx_word' id='word_1_269' title='bbox 1156 2832 1199 2884; x_wconf 94' lang='lat' dir='ltr'>Z</span> <span class='ocrx_word' id='word_1_270' title='bbox 1236 2832 1300 2895; x_wconf 88' lang='lat' dir='ltr'>E,</span> <span class='ocrx_word' id='word_1_271' title='bbox 1330 2832 1395 2884; x_wconf 92' lang='lat' dir='ltr'>ab</span> <span class='ocrx_word' id='word_1_272' title='bbox 1436 2831 1628 2902; x_wconf 86' lang='lat' dir='ltr'>angulo</span> <span class='ocrx_word' id='word_1_273' title='bbox 1668 2830 1711 2882; x_wconf 95' lang='lat' dir='ltr'>Z</span> <span class='ocrx_word' id='word_1_274' title='bbox 1739 2829 1784 2881; x_wconf 93' lang='lat' dir='ltr'>P</span> <span class='ocrx_word' id='word_1_275' title='bbox 1811 2828 1875 2892; x_wconf 91' lang='lat' dir='ltr'>E,</span> <span class='ocrx_word' id='word_1_276' title='bbox 1915 2828 2232 2879; x_wconf 85' lang='lat' dir='ltr'>subducatur</span> <span class='ocrx_word' id='word_1_277' title='bbox 2267 2827 2418 2880; x_wconf 90' lang='lat' dir='ltr'>datus</span> 
     </span>
     <span class='ocr_line' id='line_1_30' title="bbox 275 2918 2486 2995; baseline -0.003 -20"><span class='ocrx_word' id='word_1_278' title='bbox 275 2925 313 2975; x_wconf 86' lang='lat' dir='ltr'>S</span> <span class='ocrx_word' id='word_1_279' title='bbox 339 2924 385 2976; x_wconf 87' lang='lat' dir='ltr'>P</span> <span class='ocrx_word' id='word_1_280' title='bbox 411 2925 474 2987; x_wconf 89' lang='lat' dir='ltr'>E,</span> <span class='ocrx_word' id='word_1_281' title='bbox 504 2934 556 2977; x_wconf 92' lang='lat' dir='ltr'>et</span> <span class='ocrx_word' id='word_1_282' title='bbox 580 2924 786 2976; x_wconf 90' lang='lat' dir='ltr'>dabitur</span> <span class='ocrx_word' id='word_1_283' title='bbox 812 2924 1032 2995; x_wconf 86' lang='lat' dir='ltr'>angulus</span> <span class='ocrx_word' id='word_1_284' title='bbox 1060 2924 1103 2975; x_wconf 95' lang='lat' dir='ltr'><strong>Z</strong></span> <span class='ocrx_word' id='word_1_285' title='bbox 1132 2923 1176 2974; x_wconf 94' lang='lat' dir='ltr'>P</span> <span class='ocrx_word' id='word_1_286' title='bbox 1205 2923 1258 2975; x_wconf 92' lang='lat' dir='ltr'>S.</span> <span class='ocrx_word' id='word_1_287' title='bbox 1324 2923 1570 2993; x_wconf 89' lang='lat' dir='ltr'>Denique</span> <span class='ocrx_word' id='word_1_288' title='bbox 1595 2922 1650 2972; x_wconf 90' lang='lat' dir='ltr'>in</span> <span class='ocrx_word' id='word_1_289' title='bbox 1674 2919 1934 2991; x_wconf 87' lang='lat' dir='ltr'>triangulo</span> <span class='ocrx_word' id='word_1_290' title='bbox 1962 2920 2005 2970; x_wconf 94' lang='lat' dir='ltr'>Z</span> <span class='ocrx_word' id='word_1_291' title='bbox 2032 2919 2078 2971; x_wconf 94' lang='lat' dir='ltr'>P</span> <span class='ocrx_word' id='word_1_292' title='bbox 2108 2920 2161 2981; x_wconf 93' lang='lat' dir='ltr'>S,</span> <span class='ocrx_word' id='word_1_293' title='bbox 2192 2936 2259 2970; x_wconf 84' lang='lat' dir='ltr'>ex</span> <span class='ocrx_word' id='word_1_294' title='bbox 2285 2918 2418 2969; x_wconf 90' lang='lat' dir='ltr'>datis</span> <span class='ocrx_word' id='word_1_295' title='bbox 2484 2976 2486 2979; x_wconf 17' lang='lat' dir='ltr'>v</span> 
     </span>
     <span class='ocr_line' id='line_1_31' title="bbox 272 3005 2418 3083; baseline -0.004 -19"><span class='ocrx_word' id='word_1_296' title='bbox 272 3012 473 3083; x_wconf 84' lang='lat' dir='ltr'>angulis</span> <span class='ocrx_word' id='word_1_297' title='bbox 511 3014 555 3065; x_wconf 93' lang='lat' dir='ltr'>P</span> <span class='ocrx_word' id='word_1_298' title='bbox 584 3013 626 3064; x_wconf 96' lang='lat' dir='ltr'><strong>Z</strong></span> <span class='ocrx_word' id='word_1_299' title='bbox 656 3014 693 3064; x_wconf 92' lang='lat' dir='ltr'>S</span> <span class='ocrx_word' id='word_1_300' title='bbox 726 3021 777 3064; x_wconf 91' lang='lat' dir='ltr'>et</span> <span class='ocrx_word' id='word_1_301' title='bbox 817 3012 859 3063; x_wconf 96' lang='lat' dir='ltr'><strong>Z</strong></span> <span class='ocrx_word' id='word_1_302' title='bbox 889 3012 933 3064; x_wconf 90' lang='lat' dir='ltr'>P</span> <span class='ocrx_word' id='word_1_303' title='bbox 963 3012 1017 3074; x_wconf 90' lang='lat' dir='ltr'>S,</span> <span class='ocrx_word' id='word_1_304' title='bbox 1047 3029 1165 3062; x_wconf 90' lang='lat' dir='ltr'>cum</span> <span class='ocrx_word' id='word_1_305' title='bbox 1189 3010 1349 3061; x_wconf 91' lang='lat' dir='ltr'>latere</span> <span class='ocrx_word' id='word_1_306' title='bbox 1378 3011 1421 3062; x_wconf 94' lang='lat' dir='ltr'>Z</span> <span class='ocrx_word' id='word_1_307' title='bbox 1451 3010 1512 3072; x_wconf 92' lang='lat' dir='ltr'>P,</span> <span class='ocrx_word' id='word_1_308' title='bbox 1541 3008 1749 3060; x_wconf 91' lang='lat' dir='ltr'>dabitur</span> <span class='ocrx_word' id='word_1_309' title='bbox 1773 3007 1907 3058; x_wconf 88' lang='lat' dir='ltr'>latus</span> <span class='ocrx_word' id='word_1_310' title='bbox 1936 3007 1980 3058; x_wconf 95' lang='lat' dir='ltr'>Z</span> <span class='ocrx_word' id='word_1_311' title='bbox 2010 3007 2063 3069; x_wconf 90' lang='lat' dir='ltr'>S,</span> <span class='ocrx_word' id='word_1_312' title='bbox 2091 3023 2213 3057; x_wconf 88' lang='lat' dir='ltr'>vera</span> <span class='ocrx_word' id='word_1_313' title='bbox 2238 3005 2418 3056; x_wconf 85' lang='lat' dir='ltr'>sideris</span> 
     </span>
     <span class='ocr_line' id='line_1_32' title="bbox 273 3093 2417 3170; baseline -0.005 -17"><span class='ocrx_word' id='word_1_314' title='bbox 273 3121 305 3152; x_wconf 92' lang='lat' dir='ltr'>a</span> <span class='ocrx_word' id='word_1_315' title='bbox 329 3101 521 3153; x_wconf 86' lang='lat' dir='ltr'>vertice</span> <span class='ocrx_word' id='word_1_316' title='bbox 559 3101 803 3153; x_wconf 87' lang='lat' dir='ltr'>distantia</span> <span class='ocrx_word' id='word_1_317' title='bbox 843 3118 962 3170; x_wconf 87' lang='lat' dir='ltr'>quae</span> <span class='ocrx_word' id='word_1_318' title='bbox 1001 3117 1068 3151; x_wconf 84' lang='lat' dir='ltr'>ex</span> <span class='ocrx_word' id='word_1_319' title='bbox 1103 3097 1212 3150; x_wconf 68' lang='lat' dir='ltr'>visa</span> <span class='ocrx_word' id='word_1_320' title='bbox 1253 3099 1295 3149; x_wconf 93' lang='lat' dir='ltr'>Z</span> <span class='ocrx_word' id='word_1_321' title='bbox 1323 3098 1387 3162; x_wconf 91' lang='grc' dir='ltr'>Ε,</span> <span class='ocrx_word' id='word_1_322' title='bbox 1434 3097 1605 3150; x_wconf 88' lang='lat' dir='ltr'>ablata</span> <span class='ocrx_word' id='word_1_323' title='bbox 1639 3096 1894 3167; x_wconf 88' lang='lat' dir='ltr'>relinquet</span> <span class='ocrx_word' id='word_1_324' title='bbox 1943 3095 1981 3147; x_wconf 89' lang='lat' dir='ltr'>S</span> <span class='ocrx_word' id='word_1_325' title='bbox 2020 3093 2068 3146; x_wconf 90' lang='lat' dir='ltr'>E</span> <span class='ocrx_word' id='word_1_326' title='bbox 2109 3093 2417 3163; x_wconf 84' lang='lat' dir='ltr'>parallaxim</span> 
     </span>
     <span class='ocr_line' id='line_1_33' title="bbox 274 3190 575 3241; baseline 0.003 -1"><span class='ocrx_word' id='word_1_327' title='bbox 274 3190 575 3241; x_wconf 87' lang='lat' dir='ltr'>altitudinis.</span> 
     </span>
    </p>

    <p class='ocr_par' dir='ltr' id='par_1_7' title="bbox 275 3274 2417 3799">
     <span class='ocr_line' id='line_1_34' title="bbox 346 3274 2415 3349; baseline -0.003 -20"><span class='ocrx_word' id='word_1_328' title='bbox 346 3285 432 3330; x_wconf 80' lang='lat'>41.</span> <span class='ocrx_word' id='word_1_329' title='bbox 472 3279 838 3349; x_wconf 90' lang='lat' dir='ltr'>Telescopium</span> <span class='ocrx_word' id='word_1_330' title='bbox 875 3277 1101 3330; x_wconf 89' lang='lat' dir='ltr'>maculas</span> <span class='ocrx_word' id='word_1_331' title='bbox 1140 3277 1543 3348; x_wconf 87' lang='lat' dir='ltr'>quamplurimas</span> <span class='ocrx_word' id='word_1_332' title='bbox 1579 3274 1849 3328; x_wconf 88' lang='lat' dir='ltr'>variabiles</span> <span class='ocrx_word' id='word_1_333' title='bbox 1884 3292 2001 3344; x_wconf 90' lang='lat' dir='ltr'>quae</span> <span class='ocrx_word' id='word_1_334' title='bbox 2035 3291 2192 3341; x_wconf 89' lang='lat' dir='ltr'>super</span> <span class='ocrx_word' id='word_1_335' title='bbox 2228 3290 2415 3341; x_wconf 89' lang='lat' dir='ltr'>corpus</span> 
     </span>
     <span class='ocr_line' id='line_1_35' title="bbox 277 3360 2414 3429; baseline -0.005 -10"><span class='ocrx_word' id='word_1_336' title='bbox 277 3367 412 3419; x_wconf 88' lang='lat' dir='ltr'>Solis</span> <span class='ocrx_word' id='word_1_337' title='bbox 448 3367 690 3421; x_wconf 89' lang='lat' dir='ltr'>incedere</span> <span class='ocrx_word' id='word_1_338' title='bbox 727 3369 969 3421; x_wconf 89' lang='lat' dir='ltr'>videntur</span> <span class='ocrx_word' id='word_1_339' title='bbox 1005 3367 1247 3429; x_wconf 91' lang='lat' dir='ltr'>ostendit,</span> <span class='ocrx_word' id='word_1_340' title='bbox 1290 3386 1356 3418; x_wconf 85' lang='lat' dir='ltr'>ex</span> <span class='ocrx_word' id='word_1_341' title='bbox 1394 3384 1573 3418; x_wconf 88' lang='lat' dir='ltr'>earum</span> <span class='ocrx_word' id='word_1_342' title='bbox 1595 3375 1742 3416; x_wconf 92' lang='lat' dir='ltr'>motu</span> <span class='ocrx_word' id='word_1_343' title='bbox 1770 3363 1944 3416; x_wconf 89' lang='lat' dir='ltr'>Solem</span> <span class='ocrx_word' id='word_1_344' title='bbox 1979 3360 2118 3412; x_wconf 73' lang='lat' dir='ltr'>circa</span> <span class='ocrx_word' id='word_1_345' title='bbox 2142 3361 2414 3429; x_wconf 85' lang='lat' dir='ltr'>proprium</span> 
     </span>
     <span class='ocr_line' id='line_1_36' title="bbox 275 3452 2417 3532; baseline -0.004 -23"><span class='ocrx_word' id='word_1_346' title='bbox 275 3476 429 3509; x_wconf 84' lang='lat' dir='ltr'>axem</span> <span class='ocrx_word' id='word_1_347' title='bbox 462 3461 565 3524; x_wconf 57' lang='lat'>257}</span> <span class='ocrx_word' id='word_1_348' title='bbox 604 3459 789 3511; x_wconf 89' lang='lat' dir='ltr'>diebus</span> <span class='ocrx_word' id='word_1_349' title='bbox 815 3459 1011 3511; x_wconf 89' lang='lat' dir='ltr'>revolvi</span> <span class='ocrx_word' id='word_1_350' title='bbox 1036 3457 1270 3510; x_wconf 87' lang='lat' dir='ltr'>infertur.</span> <span class='ocrx_word' id='word_1_351' title='bbox 1325 3458 1390 3509; x_wconf 92' lang='lat' dir='ltr'>In</span> <span class='ocrx_word' id='word_1_352' title='bbox 1415 3457 1620 3509; x_wconf 90' lang='lat' dir='ltr'>Venere</span> <span class='ocrx_word' id='word_1_353' title='bbox 1644 3474 1743 3524; x_wconf 90' lang='lat' dir='ltr'>pro</span> <span class='ocrx_word' id='word_1_354' title='bbox 1767 3452 1909 3506; x_wconf 67' lang='lat' dir='ltr'>varia</span> <span class='ocrx_word' id='word_1_355' title='bbox 1937 3454 2043 3532; x_wconf 87' lang='lat' dir='ltr'>ejus</span> <span class='ocrx_word' id='word_1_356' title='bbox 2070 3452 2137 3504; x_wconf 90' lang='lat' dir='ltr'>ad</span> <span class='ocrx_word' id='word_1_357' title='bbox 2166 3452 2340 3504; x_wconf 91' lang='lat' dir='ltr'>Solem</span> <span class='ocrx_word' id='word_1_358' title='bbox 2366 3461 2417 3502; x_wconf 90' lang='lat' dir='ltr'>et</span> 
     </span>
     <span class='ocr_line' id='line_1_37' title="bbox 276 3540 2414 3618; baseline -0.004 -19"><span class='ocrx_word' id='word_1_359' title='bbox 276 3546 499 3599; x_wconf 89' lang='lat' dir='ltr'>Terram</span> <span class='ocrx_word' id='word_1_360' title='bbox 546 3548 803 3616; x_wconf 91' lang='lat' dir='ltr'>positione</span> <span class='ocrx_word' id='word_1_361' title='bbox 851 3549 1040 3618; x_wconf 88' lang='lat' dir='ltr'>phases</span> <span class='ocrx_word' id='word_1_362' title='bbox 1091 3548 1309 3599; x_wconf 87' lang='lat' dir='ltr'>diversae</span> <span class='ocrx_word' id='word_1_363' title='bbox 1373 3546 1759 3615; x_wconf 90' lang='lat' dir='ltr'>conspiciuntur</span> <span class='ocrx_word' id='word_1_364' title='bbox 1819 3544 2066 3613; x_wconf 89' lang='lat' dir='ltr'>phasibus</span> <span class='ocrx_word' id='word_1_365' title='bbox 2119 3540 2414 3594; x_wconf 89' lang='lat' dir='ltr'>Lunaribus</span> 
     </span>
     <span class='ocr_line' id='line_1_38' title="bbox 276 3627 2416 3705; baseline -0.005 -17"><span class='ocrx_word' id='word_1_366' title='bbox 276 3635 466 3688; x_wconf 91' lang='lat' dir='ltr'>similes</span> <span class='ocrx_word' id='word_1_367' title='bbox 509 3635 582 3687; x_wconf 76' lang='lat' dir='ltr'>ita</span> <span class='ocrx_word' id='word_1_368' title='bbox 620 3646 679 3689; x_wconf 88' lang='lat' dir='ltr'>ut</span> <span class='ocrx_word' id='word_1_369' title='bbox 716 3647 918 3705; x_wconf 91' lang='lat' dir='ltr'>partem</span> <span class='ocrx_word' id='word_1_370' title='bbox 954 3637 1295 3689; x_wconf 89' lang='lat' dir='ltr'>illuminatam</span> <span class='ocrx_word' id='word_1_371' title='bbox 1343 3636 1453 3688; x_wconf 90' lang='lat' dir='ltr'>Soli</span> <span class='ocrx_word' id='word_1_372' title='bbox 1491 3644 1785 3686; x_wconf 90' lang='lat' dir='ltr'>constanter</span> <span class='ocrx_word' id='word_1_373' title='bbox 1822 3633 2074 3683; x_wconf 88' lang='lat' dir='ltr'>obvertat.</span> <span class='ocrx_word' id='word_1_374' title='bbox 2153 3627 2416 3682; x_wconf 68' lang='lat' dir='ltr'>Praeterea</span> 
     </span>
     <span class='ocr_line' id='line_1_39' title="bbox 279 3719 2414 3799; baseline -0.004 -20"><span class='ocrx_word' id='word_1_375' title='bbox 279 3724 580 3779; x_wconf 89' lang='lat' dir='ltr'>Mercurius</span> <span class='ocrx_word' id='word_1_376' title='bbox 625 3736 678 3779; x_wconf 88' lang='lat' dir='ltr'>et</span> <span class='ocrx_word' id='word_1_377' title='bbox 721 3727 899 3780; x_wconf 88' lang='lat' dir='ltr'>Venus</span> <span class='ocrx_word' id='word_1_378' title='bbox 943 3738 1193 3799; x_wconf 83' lang='lat' dir='ltr'>tanquam</span> <span class='ocrx_word' id='word_1_379' title='bbox 1225 3726 1442 3779; x_wconf 85' lang='lat' dir='ltr'>maculae</span> <span class='ocrx_word' id='word_1_380' title='bbox 1487 3726 1653 3796; x_wconf 83' lang='lat' dir='ltr'>nigrae</span> <span class='ocrx_word' id='word_1_381' title='bbox 1691 3734 1742 3777; x_wconf 91' lang='lat' dir='ltr'>et</span> <span class='ocrx_word' id='word_1_382' title='bbox 1770 3723 2007 3776; x_wconf 88' lang='lat' dir='ltr'>rotundae</span> <span class='ocrx_word' id='word_1_383' title='bbox 2044 3721 2242 3773; x_wconf 86' lang='lat' dir='ltr'>discum</span> <span class='ocrx_word' id='word_1_384' title='bbox 2275 3719 2414 3772; x_wconf 68' lang='lat' dir='ltr'>⁴Solis</span> 
     </span>
    </p>
   </div>
  </div>
 </body>
</html>
