2528 4172
150 286 335 337 Lmen
353 285 651 349 Tmffms]
721 282 1122 335 PRINCIPIA
1163 280 1781 335 MATHEMATICA.
2216 287 2278 331 11

143 426 357 494 poribus
383 425 672 494 periodieis,
701 423 956 476 distantiae
982 422 1256 475 satellitum
1283 442 1314 474 a
1337 432 1514 474 centro
1543 422 1754 475 Saturni
1778 421 1833 472 in
1858 419 2276 473 semi-diametris

146 515 325 564 annuli
361 524 480 565 sunt
517 520 621 575 2,1.
649 519 791 575 2,69.
819 518 957 575 3,75.
988 517 1092 575 8,7.
1131 522 1183 563 et
1220 518 1397 574 25‚35.
1476 512 1686 563 Saturni
1723 511 1972 562 diameter
2007 511 2061 560 in
2100 510 2285 562 eodem

144 602 424 670 telescopio
447 612 557 654 erat
582 600 649 652 ad
674 600 985 652 diametrum
1011 600 1189 651 annuli
1225 609 1283 650 ut
1310 607 1338 651 3
1367 599 1430 650 ad
1461 605 1511 662 7,
1549 609 1600 650 et
1624 600 1873 651 diameter
1897 599 2075 650 annuli
2101 599 2283 651 diebus

146 691 281 743 Maii
319 699 385 743 28
425 701 476 743 et
513 698 580 744 29
619 691 740 742 anni
781 697 933 746 171'9.
973 690 1168 758 prodiit
1203 691 1321 741 43's.
1397 691 1461 758 (51)
1503 689 1572 741 Et
1595 690 1716 742 inde
1741 691 1990 743 diameter
2012 691 2190 742 annuli
2227 691 2283 742 in

142 782 390 845 mediocri
435 781 644 833 Saturni
686 800 718 831 a
761 778 926 831 Terra
972 777 1212 831 distantia
1257 788 1333 830 est
1370 780 1487 829 42²2
1534 789 1585 830 et
1620 779 1869 831 diameter
1908 780 2121 832 Saturni
2163 780 2276 831 18''.

143 875 204 940 (f)
246 871 383 923 Haec
426 872 498 922 ita
535 880 655 921 sunt
688 870 742 920 in
779 869 1067 936 telescopiis
1110 869 1421 939 longissimis
1461 879 1513 921 et
1549 869 1773 938 optimis,
1818 881 2095 939 propterea
2138 869 2281 940 quod

141 961 521 1031 magnitudines
559 969 866 1028 apparentes
902 954 1180 1026 corporum
1217 958 1503 1009 coelestium
1541 958 1595 1008 in
1630 958 1950 1028 longioribus
1989 951 2279 1026 telescopiis

95 1035 98 1037 .
139 1051 387 1119 majorem
411 1049 636 1100 habeant
670 1049 1059 1117 proportionem
1087 1048 1153 1098 ad
1180 1047 1532 1099 dilatationem
1561 1049 1690 1100 lucis
1721 1050 1775 1099 in
1800 1050 2031 1101 terminis
2070 1050 2277 1100 illorum

140 1158 417 1208 corporum
444 1138 599 1209 quam
623 1139 678 1190 in
701 1139 1041 1190 brevioribus.
1115 1139 1171 1190 Si
1197 1139 1455 1207 rejiciatur
1480 1139 1573 1190 lux
1598 1140 1766 1191 omnis
1790 1141 2022 1205 erratica,
2050 1141 2279 1193 manebit

141 1229 389 1281 diameter
418 1229 629 1281 Saturni
651 1227 794 1281 haud
817 1229 983 1297 major
1008 1225 1163 1297 quam
1193 1229 1306 1279 16²².

841 1397 1430 1451 PHAE-NOMENON
1468 1400 1575 1452 III.

133 1529 382 1580 Plauetas
400 1530 614 1596 quinque
627 1527 922 1595 primarios,
952 1526 1276 1589 Mercurium,
1305 1527 1555 1590 Venerem,
1578 1526 1818 1592 Martem,
1838 1529 2008 1583 Jovem
2035 1537 2084 1580 et
2098 1529 2275 1582 Satur-

765 1636 879 1668 num
905 1618 1100 1669 orbibus
1125 1621 1226 1669 suis
1251 1620 1408 1670 Solem
1435 1621 1645 1688 cingere.

209 1741 534 1794 Mercurium
584 1750 636 1791 et
678 1740 938 1791 Venerem
982 1739 1120 1791 circa
1166 1740 1340 1791 Solem
1378 1742 1571 1792 revolvi
1616 1743 1672 1810 (⁵)
1709 1762 1774 1794 ex
1811 1761 1989 1793 eorum
2027 1741 2275 1810 phasibus

133 1835 399 1887 lunaribus
444 1834 842 1885 demonstratur.
938 1832 1100 1884 Plena
1146 1832 1274 1883 facie
1316 1832 1546 1884 lucentes
1589 1834 1725 1885 ultra
1770 1835 1946 1885 Solem
1990 1833 2071 1884 siti
2120 1843 2238 1885 sunt
2257 1852 2271 1895 3

187 1974 243 2028 (q)
275 1978 296 1999 ³¹²
327 1977 382 2014 Et
409 1976 498 2013 inde
524 1975 706 2012 diameter
731 1973 881 2011 annuli·
961 1971 1066 2015 Quia
1092 1970 1173 2008 dia·
1300 1971 1351 2024 (⁸)
1393 1975 1413 1997 '¹‘
1466 1976 1526 2012 Ea:
1561 1987 1691 2011 eorum
1732 1974 1912 2022 phasibus
1957 1974 2169 2011 lunaribus.
2232 1970 2272 2010 Si

133 2029 244 2065 metri
277 2036 502 2077 apparentes
534 2033 625 2064 sunt
656 2027 697 2063 in
727 2025 993 2063 distantiarum
1025 2023 1175 2061 ratione
1229 2025 1392 2064 Veneris
1409 2026 1546 2063 faciem
1567 2026 1770 2074 telescopio
1788 2026 2107 2074 contemplemur,
2128 2026 2167 2061 in
2187 2027 2268 2065 unit

131 2080 338 2129 reciproca,
366 2081 464 2117 datis
482 2079 668 2117 diametro
686 2078 821 2116 annuli
839 2077 974 2115 diebus
1003 2077 1102 2114 Maii
1122 2081 1173 2114 ‘28
1227 2080 1311 2128 ejus
1338 2080 1610 2130 conjunctione
1637 2092 1727 2117 cum
1751 2079 1854 2128 Sole,
1868 2078 1981 2127 plena
2000 2080 2097 2116 facie
2115 2079 2266 2128 fulgere

132 2143 171 2171 et
199 2140 250 2173 29
277 2145 380 2171 anno
413 2137 524 2178 1719,
554 2140 593 2170 et
619 2130 800 2169 distanti&
832 2130 987 2169 Saturni
1009 2143 1032 2166 a
1053 2130 1089 2167 T
1091 2127 1175 2166 err&
1228 2132 1406 2179 cernitur,
1438 2131 1578 2171 deinde
1605 2134 1740 2182 phases
1757 2134 1896 2170 habere
1914 2134 2095 2182 phasibus
2123 2131 2267 2171 lunari..

132 2186 268 2224 iisdem
286 2187 423 2225 diebus
441 2184 532 2227 data
553 2188 638 2237 (per
656 2184 844 2222 theoriam
864 2182 1045 2232 planetae)
1067 2183 1174 2220 dabi-

131 2247 196 2276 tur
223 2252 377 2290 quoque
405 2240 591 2277 diameter
622 2238 757 2275 annuli
788 2237 830 2274 in
861 2233 952 2273 data
990 2235 1175 2273 mediocri

131 2291 312 2330 distantia
342 2292 497 2330 Saturni
525 2304 548 2328 a
577 2290 710 2337 Terra,
738 2291 822 2327 haec
841 2296 971 2327 autem
991 2289 1177 2326 diameter

131 2345 271 2394 prodiit
298 2344 372 2383 42⁸
385 2360 398 2392 3
427 2344 495 2383 sed
526 2344 680 2382 Saturni
709 2343 894 2381 diameter
917 2350 998 2380 erat
1016 2341 1066 2379 ad
1093 2341 1176 2379 dia·

134 2406 301 2436 metrum
316 2398 451 2435 annuli
470 2406 515 2436 ut
528 2403 554 2435 5
569 2396 619 2434 ad
638 2401 660 2435 7
677 2400 763 2448 (per
776 2394 945 2443 observ.)
962 2392 1079 2445 quare
1093 2394 1176 2432 dia-

134 2461 255 2489 meter
276 2452 433 2490 Saturni
458 2451 500 2488 in
527 2449 710 2488 mediocri
727 2463 751 2488 a
771 2446 895 2488 Terra
911 2445 1095 2486 distantia
1118 2454 1177 2485 est

140 2504 219 2542 18⁰.

188 2557 243 2610 (¹)
274 2561 295 2583 ²*
328 2561 427 2598 Haec
454 2559 510 2597 ita
536 2565 629 2596 sunt
656 2558 763 2608 (55.)
821 2558 842 2580 ¹*
869 2554 968 2593 siin
987 2556 1061 2592 hoc
1080 2553 1176 2591 tele-

136 2614 266 2660 scopio
291 2611 362 2649 lux
389 2611 548 2649 erratica
567 2610 773 2647 subtendat
790 2610 981 2659 angulum
1006 2607 1177 2644 duorum

136 2664 408 2711 secundorum,
428 2664 495 2701 fiet
513 2664 698 2701 diameter
717 2662 853 2701 annuli
872 2661 943 2700 4o''
964 2669 1003 2698 et
1021 2659 1177 2698 Saturni

136 2716 207 2755 16⁹
225 2728 270 2754 ut
288 2730 418 2755 revera
439 2718 515 2755 sint
533 2719 573 2754 in
593 2717 741 2754 ratione
760 2720 784 2754 5
804 2715 852 2752 ad
874 2720 909 2752 2.
934 2714 1025 2751 hinc
1045 2720 1176 2750 autem

134 2777 179 2807 ut
206 2769 246 2807 id
278 2771 402 2808 obiter
433 2778 624 2815 notemus,
658 2769 749 2807 cum
776 2767 979 2817 parallaxis
1009 2766 1111 2803 Solis
1134 2766 1178 2802 in

134 2822 315 2860 distantia
336 2824 467 2861 Terrae
484 2823 670 2860 mediocri
689 2836 712 2859 a
734 2822 822 2859 Sole
840 2821 889 2858 sit
912 2819 979 2858 lO''
998 2820 1075 2856 sive
1094 2818 1176 2856 dia-

134 2884 255 2913 meter
275 2876 444 2914 Telluris
462 2889 484 2913 a
507 2875 595 2913 Sole
613 2884 707 2913 tunc
725 2876 804 2912 visa
823 2874 872 2911 sit
891 2873 974 2917 2o'',
996 2872 1177 2910 distantia

134 2928 224 2967 vero
250 2930 453 2967 mediocris
484 2930 615 2967 Terrae
641 2942 664 2965 a
695 2927 784 2967 Sole
801 2928 851 2964 sit
868 2927 917 2965 ad
944 2925 1177 2962 mediocrem

137 2980 355 3021 distantiam
388 2983 544 3020 Saturni
576 2994 600 3020 a
632 2979 756 3019 Terra
783 2980 845 3017 vel
875 2993 898 3018 a
938 2979 1037 3022 Sole,
1071 2977 1178 3027 quod

136 3033 237 3073 idem
257 3044 314 3074 est
334 3038 391 3087 (n.
416 3036 496 3085 53.)
527 3043 570 3072 ut
594 3039 669 3073 loo
687 3034 736 3072 ad
757 3038 845 3079 954,
874 3033 963 3070 hinc
992 3032 1177 3068 diameter

139 3087 267 3128 Terrae
286 3089 357 3127 erit
374 3088 423 3126 ad
441 3089 671 3126 diametrum
691 3087 826 3125 annuli
841 3094 886 3124 ut
902 3091 978 3123 100
993 3084 1041 3122 ad
1059 3088 1175 3129 1908,

137 3139 214 3178 sive
231 3150 276 3180 ut
297 3146 314 3180 l
337 3141 386 3179 ad
410 3146 456 3180 19
477 3149 517 3180 et
542 3141 592 3182 ad
619 3141 852 3179 diametrum
877 3139 999 3188 ipsius
1020 3137 1177 3174 Saturni

136 3200 181 3231 ut
202 3198 218 3232 1
240 3196 291 3234 ad
308 3197 378 3261 733..

194 3261 355 3308 Pariter,
384 3261 475 3300 cum
494 3261 678 3300 diameter
696 3261 722 3300 J
725 3261 806 3298 ovis
831 3259 870 3296 in
890 3256 1074 3297 mediocri
1092 3256 1176 3307 ejus

138 3327 162 3352 a
191 3314 279 3351 Sole
306 3313 483 3353 distantia
510 3316 559 3354 sit
586 3314 683 3367 87-3—4''
710 3315 835 3364 sitque
865 3311 1067 3349 mediocris
1098 3310 1175 3347 dis-

138 3367 261 3405 tantia
289 3365 418 3404 Terrae
446 3368 495 3406 ad
522 3367 754 3407 mediocrem
781 3366 1001 3404 distantiam
1025 3362 1135 3403 Jovis
1152 3375 1176 3400 a

141 3420 231 3459 Sole
249 3425 294 3457 ut
314 3423 363 3457 lo
381 3419 430 3458 ad
450 3424 528 3470 523
557 3421 629 3458 erit
646 3420 830 3458 diameter
851 3419 996 3469 Terrae,
1025 3416 1075 3454 ad
1092 3415 1175 3453 dia·
1492 3414 1648 3515 TO

138 3512 308 3543 metrum
326 3503 493 3544 Jovis-ut
512 3509 530 3544 1
547 3504 597 3544 ad
612 3478 662 3512 23
684 3478 770 3575 {og
772 3472 836 3542 7³13,
907 3501 987 3541 sive
1004 3508 1050 3540 ut
1080 3505 1096 3538 1
1125 3500 1176 3540 ad

139 3596 282 3638 9.685;
322 3590 451 3641 sicque
478 3589 660 3627 diameter
685 3589 794 3629 Jovis
812 3596 868 3627 est
886 3588 1033 3626 circiter
1059 3586 1174 3624 dimi-
1224 3588 1298 3627 bus
1341 3585 1555 3625 simillimas
1599 3593 1823 3637 partemque
1872 3586 2129 3624 illuminatam
2179 3585 2260 3624 Soli

140 3643 204 3681 dia
221 3644 395 3682 diametri
414 3642 548 3681 annuli
571 3643 738 3687 Saturni,
766 3650 804 3679 et
822 3650 879 3680 est
896 3642 945 3679 ad
963 3641 1082 3690 ipsius
1103 3641 1173 3678 Sa·
1225 3647 1443 3677 constanter
1477 3642 1672 3678 obvertere
1707 3640 1868 3677 videtur.
1946 3641 2055 3677 Dum
2085 3638 2174 3678 vero
2210 3638 2260 3676 ad

138 3700 243 3735 turni
269 3698 499 3736 diametrum
526 3703 572 3732 ut
599 3699 623 3733 5
650 3694 700 3731 ad
726 3698 763 3731 4.
825 3695 923 3733 Solis
940 3702 1068 3732 autem
1088 3693 1171 3731 dia-
1224 3692 1381 3730 alteram
1401 3694 1713 3744 conjunctionem
1731 3704 1822 3730 cum
1843 3693 1932 3731 Sole
1951 3693 2130 3741 pervenit,
2153 3700 2259 3730 tene-

138 3758 257 3790 meter
275 3763 362 3790 vera
380 3757 436 3790 est
453 3747 603 3790 circiter
621 3746 783 3796 decupla
799 3747 973 3787 diametri
991 3746 1018 3786 J
1022 3746 1112 3784 ovis.
1223 3745 1300 3783 bris
1318 3745 1544 3792 obvolvitur,
1560 3753 1599 3784 et
1617 3757 1896 3796 nonnunquam
1911 3758 1978 3796 per
1991 3745 2141 3784 discum
2159 3745 2259 3783 Solis
