2528 4172
113 283 295 335 Lam
317 280 614 344 ramma]
674 259 1074 331 PRINClPiA
1093 318 1096 320 .
1114 277 1728 331 MATHEMATICA.

485 536 953 592 PROPOSITIO
991 536 1147 614 XIV.

2163 263 2230 321 47

1225 535 1676 589 THEOREMA
1714 539 1869 590 XIV.

713 681 917 732 Orbium
941 682 1144 747 aphelia
1171 688 1218 731 et
1242 682 1363 731 nodi
1387 681 1650 748 quiescunt.

189 833 413 904 Aphelia
438 832 720 902 quiescunt,
747 852 842 902 per
870 834 1027 901 Prop.
1058 832 1162 883 XI.
1193 832 1311 883 Lib.
1341 832 1384 883 I.
1412 841 1470 883 ut
1494 842 1545 884 et
1570 833 1768 885 orbium
1797 834 1966 901 plana,
1994 853 2088 904 per
2114 836 2246 904 ejus-

120 926 238 979 dem
265 925 413 977 Libri
451 924 609 992 Prop.
638 924 693 983 ,L
732 934 782 975 et
818 923 1194 993 quiescentibus
1231 923 1398 991 planis
1437 923 1706 991 quiescunt
1730 923 1869 975 nodi.

1946 925 2194 976 Attamen
2219 945 2249 976 a

117 1014 440 1082 planetarum
464 1011 834 1062 revolventium
861 1010 923 1079 (ἢ)
948 1021 998 1061 et
1024 1020 1339 1061 cometarum
1365 1010 1651 1061 actionibus
1677 1012 1731 1061 in
1758 1030 1811 1062 se
1834 1012 2052 1063 invicem
2079 1014 2249 1064 orien-

121 1113 205 1154 tur
230 1099 599 1169 inaequalitates
624 1099 826 1169 aliquae,
856 1099 946 1149 sed
973 1117 1089 1168 quae
1116 1098 1183 1149 ob
1208 1098 1513 1166 parvitatem
1538 1098 1622 1150 hic
1650 1100 1908 1150 contemni
1932 1113 2163 1169 possunt.

196 1194 358 1243 Corol.
391 1198 434 1241 1.
478 1191 766 1251 Quiescunt
791 1190 945 1241 etiam
971 1189 1130 1241 stellae
1156 1189 1292 1251 fixae,
1322 1198 1599 1257 propterea
1624 1190 1764 1258 quod
1790 1190 1933 1242 datas
1959 1191 2025 1241 ad
2051 1191 2254 1260 aphelia

121 1283 405 1351 modosque
429 1282 708 1350 positiones
735 1290 958 1333 servant.

200 1376 363 1426 Corol.
388 1381 435 1425 2.
466 1374 696 1443 Ideoque
724 1373 776 1441 (ἰ)
805 1371 923 1424 cum
948 1370 1091 1422 nulla
1116 1371 1180 1422 sit
1206 1388 1384 1421 earum
1407 1370 1684 1438 parallaxis
1710 1372 1961 1423 sensibilis
1987 1391 2053 1423 ex
2073 1373 2256 1424 Terrae

122 1472 268 1516 motu
309 1448 481 1514 annuo
527 1462 761 1526 oriunda,
807 1462 941 1513 vires
981 1479 1157 1512 earum
1195 1460 1263 1511 ob
1299 1461 1601 1511 immensam
1645 1480 1921 1529 corporum
1964 1463 2257 1515 distantiam

178 1623 236 1675 (¹¹)
277 1626 298 1649 ²*
338 1626 395 1663 Et
440 1632 671 1663 cometarum
712 1626 930 1663 actionibus.
969 1625 971 1627 ’
1008 1623 1163 1662 Eodem

123 1689 277 1726 prorsus
294 1676 411 1714 modo
428 1690 505 1727 quo
525 1678 689 1725 planetae
707 1678 748 1715 in
766 1690 806 1715 se
824 1677 989 1714 invicem
1014 1683 1161 1727 agunt;-

125 1736 229 1778 patet
258 1742 411 1779 quoque
441 1739 606 1768 cometas
638 1731 679 1767 in
715 1730 810 1768 alios
845 1730 1016 1779 planetas
1048 1742 1162 1779 agere

126 1782 341 1831 similesque
369 1783 526 1819 effectus
553 1784 773 1832 producere,
794 1783 859 1820 sed
879 1782 970 1820 cum
988 1785 1163 1820 observa-

126 1835 248 1872 tiones
275 1835 538 1872 astronomicae
565 1836 767 1874 ostendant
785 1836 1023 1884 aplieliorum
1044 1834 1163 1872 nodo-

127 1900 291 1936 rumque
310 1895 457 1924 motum
479 1901 560 1927 esse
579 1890 851 1935 tardissimum,
873 1891 921 1927 ob
941 1888 1164 1937 parvitatem

128 1940 318 1978 contemni
347 1949 507 1988 possunt
530 1942 805 1992 inaequalitates
823 1955 908 1992 quae
928 1954 974 1978 ex
993 1941 1166 1989 planeta-

129 2005 215 2030 rum
241 2000 279 2029 et
303 2001 540 2031 cometarum
559 1995 771 2033 actionibus
789 1995 829 2031 in
849 2008 889 2032 se
908 1993 1073 2031 invicem
1091 1993 1165 2031 ori—

130 2053 260 2083 untur.

187 2097 236 2148 (ἱ)
255 2101 275 2122 *
300 2101 321 2136 7
327 2102 362 2135 2.
389 2099 485 2137 Cam
506 2103 609 2138 nulla
628 2103 675 2139 sit
693 2115 826 2139 earum
840 2102 1056 2150 parallaxis.
1116 2099 1166 2136 In

129 2150 332 2199 hypothesi
367 2151 497 2189 Terrae
527 2161 653 2197 motae,
691 2154 974 2203 quiescentibus
1013 2151 1100 2189 Sole
1131 2158 1170 2189 et

133 2203 265 2251 stellis,
306 2203 442 2243 Tellus
470 2206 660 2257 integram
694 2205 975 2246 revolutionem
1010 2203 1170 2242 absolvit

160 3625 282 3683 spatio
311 3630 375 3664 23.
395 3625 478 3662 hor.
502 3621 574 3661 56¹.
597 3620 654 3660 4''.
678 3622 836 3672 circiter,
868 3634 907 3667 et
935 3631 1035 3669 circa
1063 3630 1191 3669 Solem

160 3679 365 3717 revolvitur
396 3675 513 3714 unius
544 3674 635 3713 anni
667 3675 890 3727 interva1103
928 3683 1192 3733 circulumque

162 3731 339 3770 describit
364 3730 431 3780 qui
460 3727 632 3777 ecliptica
649 3728 710 3765 vel
736 3731 836 3769 orbis
853 3745 1006 3773 annuus
1024 3736 1192 3785 appella-

163 3791 226 3821 tut
298 3783 457 3823 Referat
477 3782 503 3820 S
525 3781 664 3829 Solem,
685 3780 733 3820 sit
756 3783 787 3821 F
806 3785 914 3825 stella
929 3787 1005 3826 fixa
1022 3787 1062 3826 in
1081 3788 1197 3837 eclip-

1161 3342 1165 3346 .
1237 3315 1410 3352 sentiunt
1427 3328 1560 3353 omnes
1587 3317 1807 3354 astronomi.

1217 1622 1304 1661 ticae
1330 1623 1447 1672 plano
1474 1624 1523 1661 ad
1551 1624 1768 1663 distantiam
1795 1625 2006 1675 quamlibet
2027 1626 2257 1672 constituta3

1216 1677 1266 1714 sit
1293 1678 1331 1714 A
1355 1678 1390 1714 B
1414 1678 1446 1714 C
1470 1678 1510 1715 D
1539 1678 1639 1716 orbis
1660 1692 1824 1722 annuus,
1856 1687 2096 1729 ponaturque
2126 1679 2261 1717 Tellus

1216 1728 1387 1779 primum
1406 1730 1447 1766 in
1474 1730 1559 1768 loco
1581 1732 1631 1776 A,
1662 1731 1905 1780 deindepost
1924 1745 1988 1769 sex
2008 1745 2157 1769 menses
2176 1745 2260 1779 per-

1217 1782 1345 1820 veniat
1370 1782 1419 1820 ad
1448 1783 1578 1821 locum
1610 1786 1642 1823 C
1672 1785 1711 1821 in
1737 1798 1814 1834 quo
1833 1785 1945 1822 distet
1963 1799 1987 1822 a
2011 1784 2098 1823 loco
2120 1785 2158 1822 A
2179 1784 2261 1822 tota

1219 1835 1405 1882 diametro
1438 1838 1538 1873 orbis
1570 1837 1714 1884 annui3
1757 1839 1829 1875 hoc
1861 1846 1927 1880 est,
1963 1843 2093 1876 20009
2132 1840 2263 1875 'l'errae

1219 1888 1414 1926 diametris
1441 1889 1600 1934 circiter,
1630 1890 1682 1928 ita
1706 1898 1751 1928 ut
1769 1891 1903 1941 anguli
1932 1891 1965 1928 F
1988 1892 2014 1928 S
2038 1891 2089 1936 A,
2123 1893 2155 1929 F
2179 1891 2205 1928 S
2228 1891 2260 1928 C

1220 1941 1297 1979 sint
1314 1942 1417 1987 recti,
1438 1942 1547 1980 stella
1570 1943 1602 1980 F
1620 1957 1666 1981 ex
1689 1945 1846 1981 Tellure
1865 1946 1902 1980 A
1923 1945 2002 1981 visa
2020 1943 2264 1992 respondebit

1221 2002 1366 2042 puncto
1388 1995 1437 2039 E,
1458 1996 1563 2045 quod
1582 1996 1632 2034 ad
1649 1996 1869 2034 distantiam
1890 1997 2078 2034 infinitam
2099 2012 2121 2035 a
2143 1994 2265 2035 Terra

1221 2047 1406 2084 removeri
1435 2049 1677 2097 supponitur.
1740 2049 1894 2088 Deinde
1922 2050 2056 2087 eadem
2081 2051 2190 2088 stella
2214 2051 2264 2086 ob

1221 2108 1373 2137 motum
1394 2101 1522 2138 Terrae
1542 2104 1589 2139 ab
1607 2103 1645 2139 A
1662 2101 1789 2139 versus
1807 2104 1855 2147 B,
1877 2104 2054 2152 progredi
2073 2103 2264 2140 videbitur

1222 2155 1270 2190 ab
1292 2154 1328 2190 E
1348 2153 1478 2190 versus
1502 2155 1552 2199 G,
1574 2155 1696 2193 donec
1718 2156 1875 2193 Tellure
1894 2156 2139 2204 perveniente
2157 2155 2206 2192 ad
2230 2155 2262 2192 C

1223 2206 1332 2243 stella
1350 2206 1522 2244 videatur
1541 2208 1582 2243 in
1597 2209 1653 2254 H,
1668 2208 1810 2245 distans
1829 2208 1972 2246 scilicet
1990 2223 2011 2246 e
2030 2209 2114 2246 Ioco
2133 2209 2174 2246 in
2186 2220 2265 2258 quo

1225 2267 1315 2296 ante
1333 2271 1399 2296 sex
1417 2272 1568 2297 menses
1586 2263 1816 2307 versabatur,
1846 2269 1926 2299 toto
1945 2275 2036 2299 arcu
2059 2263 2095 2299 E
2119 2263 2175 2307 H,
2196 2274 2266 2299 cu-

1217 2312 1285 2362 jus
1316 2324 1497 2350 mensura
1527 2320 1583 2350 est
1618 2314 1785 2363 angulus
1816 2315 1852 2352 Ε
1877 2315 1909 2351 F
1932 2315 1975 2351 H
2006 2315 2065 2351 vel
2100 2319 2135 2352 A
2162 2316 2192 2352 F
2215 2316 2259 2352 C.

1226 2364 1363 2414 Hujus
1381 2365 1515 2415 anguli
1535 2366 1699 2403 semissis
1722 2368 1759 2404 A
1783 2367 1816 2404 F
1849 2368 1889 2413 S,
1911 2375 1966 2403 est
1985 2367 2187 2415 parallaxis
2205 2380 2267 2404 or-

1224 2417 1282 2455 bis
1299 2417 1419 2455 annui
1438 2430 1484 2455 ex
1507 2419 1636 2456 Terrae
1653 2426 1763 2456 motu
1781 2432 1912 2456 annuo
1931 2421 2106 2458 oriunda.
2159 2421 2266 2458 Dato

1225 2477 1354 2508 autem
1383 2470 1526 2520 angulo
1557 2472 1594 2508 A
1618 2472 1651 2509 F
1673 2472 1711 2517 S,
1741 2470 1852 2509 facile
1878 2472 2072 2510 iuvenitur
2090 2473 2268 2510 distantia.

1224 2523 1345 2561 stellae
1372 2522 1458 2560 fixae
1476 2537 1500 2561 a
1519 2523 1638 2562 Terra
1660 2526 1696 2561 A
1721 2525 1765 2569 F,
1787 2525 1818 2561 si
1837 2525 1915 2571 fiat,
1945 2533 1989 2563 ut
2008 2526 2114 2563 sinus
2133 2526 2267 2577 anguli

1229 2577 1268 2613 A
1292 2577 1324 2613 F
1347 2577 1384 2621 S,
1405 2576 1453 2613 ad
1472 2577 1599 2613 sinum
1619 2584 1755 2622 totum,
1782 2576 1837 2615 ita
1859 2578 1896 2615 A
1921 2579 1947 2615 S
1965 2579 2267 2616 semi-diameter

1225 2629 1328 2666 orbis
1352 2628 1483 2675 annui,
1512 2642 1600 2679 quae
1618 2638 1674 2668 est
1696 2634 1825 2669 10000
1843 2631 2116 2669 diametrorum
2138 2633 2268 2670 Terrae

1227 2681 1375 2719 circiter
1405 2681 1455 2718 ad
1487 2682 1524 2719 A
1548 2683 1594 2720 F.
1650 2683 1743 2722 Jam
1775 2682 1865 2721 vero
1893 2692 1997 2733 patet
2024 2697 2070 2721 ex
2101 2684 2269 2722 Telluris

1226 2747 1358 2772 annuo
1385 2742 1494 2772 motu
1521 2736 1611 2772 oriri
1638 2736 1775 2774 debere
1800 2737 2086 2774 translationem
2108 2737 2269 2774 fixarum

1228 2787 1329 2824 inter
1343 2800 1383 2824 se
1399 2787 1579 2835 parallaxi
1594 2788 1799 2837 duplicatae
1815 2790 1963 2827 circiter
1973 2790 2172 2839 aqualem.
2213 2791 2270 2827 At

1229 2840 1351 2877 stellae
1378 2840 1540 2889 majores
1558 2848 1595 2878 et
1613 2842 2000 2891 propiores‘respectu
2013 2843 2268 2892 'remotiorum

1230 2905 1317 2942 quae
1330 2892 1620 2941 telescopiorum
1634 2907 1706 2943 ope
1718 2894 1904 2932 duntaxat
1916 2896 2083 2944 conspici
2098 2903 2268 2943 possunt,

1231 2945 1373 2982 moveri
1393 2957 1472 2982 non
1491 2948 1749 2985 observantur.
1811 2949 1934 2986 Nulla
1954 2957 2009 2985 est
2028 2949 2157 2997 itaque
2178 2948 2269 2984 fixa-

1231 3010 1321 3034 rum
1347 2998 1549 3045 parallaxis
1576 3000 1762 3038 sensibilis
1789 3013 1837 3038 ex
1865 3002 1994 3038 Terrae
2013 3009 2120 3037 motu
2140 3012 2271 3037 annuo

1233 3050 1408 3096 oriunda,
1430 3049 1595 3100 ide6que
1612 3052 1799 3091 immensa
1818 3061 1875 3091 est
1892 3053 2053 3090 fixarum
2073 3066 2096 3090 a
2113 3052 2271 3090 Tellure

1233 3102 1423 3141 distantia.
1504 3104 1590 3142 Sive
1626 3113 1757 3144 autem
1791 3107 1911 3144 Terra
1946 3113 2155 3149 moveatur,
2195 3103 2272 3143 sive

1236 3156 1416 3205 quiescat,
1436 3157 1563 3195 stellas
1581 3158 1675 3195 fixas
1693 3159 1890 3196 immensis
1908 3158 2114 3195 intervallis
2132 3172 2155 3195 a.
2175 3158 2269 3196 Ter-

1234 3207 1281 3245 ra
1312 3209 1450 3247 distare
1480 3211 1732 3249 certissimum
1758 3219 1825 3254 est,
1852 3224 1943 3248 nam
1961 3210 2185 3258 parallaxim
2204 3223 2273 3247 an-

1237 3273 1357 3299 nuam
1386 3262 1537 3300 minuto
1565 3264 1690 3312 primo
1719 3264 1835 3314 longe
1866 3263 2054 3300 minorem
2078 3276 2159 3301 esse
2184 3276 2276 3301 con-

1869 3315 2081 3366 Fingamus
2099 3314 2189 3354 vero
2207 3328 2277 3353 an-

1239 3379 1360 3404 nuam
1388 3368 1476 3405 fixae
1499 3369 1661 3419 alicujus
1684 3368 1923 3416 proximioris
1948 3368 2169 3416 parallaxim
2198 3382 2278 3406 esse

1240 3418 1358 3457 unius
1375 3420 1516 3458 minuti
1533 3421 1658 3469 primi,
1689 3433 1712 3457 a
1739 3421 1895 3458 Tellure
1913 3420 2066 3459 distabit
2085 3422 2202 3458 stella‘
2212 3421 2279 3459 illa

1242 3476 1347 3511 3437
1368 3473 1676 3511 semi-diametris
1700 3473 1832 3511 orbitae
1849 3486 1965 3523 quam
1984 3474 2163 3511 describit
2185 3475 2280 3512 Ter-

1243 3536 1297 3570 ra,
1318 3525 1507 3574 siquidem
1525 3526 1631 3563 sinus
1649 3526 1764 3563 unius
1778 3527 1918 3563 mitiuti
1930 3535 1986 3564 est
2003 3526 2053 3564 ad
2071 3526 2219 3564 radium
2239 3533 2281 3564 ut

1248 3581 1265 3614 1
1289 3576 1338 3614 ad
1356 3583 1473 3623 5457,
1502 3586 1541 3615 et
1574 3577 1603 3614 si
1619 3578 1917 3616 semi-diameter
1934 3581 2065 3617 orbitae
2084 3581 2132 3617 sit
2151 3584 2283 3617 20000

1244 3630 1634 3668 semi-diametrorum
1644 3631 1781 3674 Terrae,
1796 3631 1845 3668 ad
1855 3632 2060 3669 minimum
2073 3637 2119 3670 68
2128 3637 2284 3671 740000

1238 3682 1381 3772 -iI'errae
1402 3682 1522 3730 ipsius
1549 3683 1858 3722 semi-diametris
1880 3684 2034 3723 distabit
2052 3686 2128 3723 lixa
2146 3699 2170 3723 a
2190 3684 2283 3724 Tel-

1264 3747 1343 3772 ure.

1285 3790 1346 3825 75.
1363 3787 1602 3829 Christianus
1611 3790 1821 3842 Hugenius
1832 3791 1872 3830 in
1885 3792 2179 3831 Cosmotheoriae
2194 3793 2280 3831 Lib.
2349 3780 2353 3785 ⁵

1189 3856 1267 3894 1⁴¹2
