2528 4172
15 246 17 250 Α
64 322 66 324 v
134 296 317 343 LJBER
344 287 643 353 Timauus]
721 284 1125 338 PRINCIPIA
1164 281 1783 336 MATHEMATICA.
2250 286 2280 333 5

0 3948 27 3959 αι’

57 2425 59 2427 ’
120 2416 328 2455 satellitum
350 2418 518 2463 Saturni,
540 2420 589 2456 ob
610 2418 769 2455 nimiam
788 2416 836 2455 il-

60 2489 63 2492 ·
89 2507 97 2511 λ
119 2469 248 2507 lorum
274 2483 296 2507 a
327 2470 415 2508 Sole
439 2479 478 2508 et
505 2471 663 2509 Tellure
690 2470 835 2508 distan-

607 595 1799 702 PHAENOMENA

1052 794 1330 812 mm

874 963 1464 1019 PHAENOMENON
1491 965 1535 1017 I.

138 1100 464 1196 &Planems
488 1121 889 1190 eircumjoviaZeS,
916 1122 1083 1176 radiis
1106 1122 1178 1172 ad
1201 1128 1418 1171 centrum
1446 1119 1586 1188 jovis
1612 1119 1786 1181 duetiS,
1835 1136 1983 1170 areas
2008 1121 2279 1173 describere

199 1212 496 1281 temporibus
510 1212 933 1279 proportionales,
962 1228 1219 1277 eorumque
1244 1218 1467 1276 tempora
1483 1210 1767 1276 periodica,
1795 1210 1952 1259 stellis
1955 1210 2091 1275 fixis
2118 1212 2279 1279 quies-

198 1305 428 1368 centibus,
457 1321 557 1355 esse
582 1304 637 1353 in
661 1303 861 1358 ratione
885 1298 1238 1369 sesquiplieatd
1266 1301 1625 1352 distantiarum
1651 1301 1715 1350 ab
1743 1301 1900 1366 ipsius
1925 1308 2109 1351 centro·

169 1458 219 1511 (f)
253 1463 315 1500 51·
340 1462 363 1485 ¹*
390 1463 566 1501 Planetae
596 1455 901 1506 circumjoviales.
1226 1451 1363 1504 anguli
1397 1451 1433 1490 P
1463 1451 1500 1491 T
1529 1452 1566 1491 L
1598 1451 1649 1490 ad
1680 1450 1873 1501 angulum
1903 1451 1939 1489 P
1966 1451 2003 1490 T
2024 1452 2066 1491 K
2107 1451 2279 1491 maxima

180 1513 344 1551 Lemma
362 1538 516 1551 .....
557 1510 778 1549 Satellitum
806 1508 918 1547 Jovis
945 1514 984 1546 et
1015 1506 1172 1546 Saturni
1227 1514 1295 1552 est,
1334 1511 1373 1543 et
1402 1505 1476 1542 hoc
1512 1505 1631 1543 modo
1662 1506 1906 1555 observatum
1931 1513 1988 1542 est
2015 1505 2280 1554 elongationes

132 1566 236 1603 orbes
254 1578 299 1603 ac
317 1573 448 1603 motus
466 1556 733 1603 determinare.
1225 1559 1417 1597 maximas
1435 1558 1699 1609 geocentricas
1717 1557 1892 1606 ejusdem
1911 1557 2087 1607 satellitis
2106 1558 2148 1594 in
2167 1559 2280 1596 variis

182 1618 239 1656 Sit
261 1619 303 1656 H
328 1619 360 1656 F
383 1618 421 1657 G
444 1618 487 1656 H
513 1618 590 1664 Sol,
612 1618 727 1668 cujus
745 1622 922 1654 centrum
952 1614 991 1660 S,
1016 1614 1053 1652 T
1074 1614 1171 1652 Ter·
1228 1613 1363 1651 orbitae
1394 1625 1476 1649 suae
1507 1612 1602 1651 loeis
1631 1611 1798 1661 aequales
1836 1612 2048 1665 esseqinter
2084 1624 2124 1648 se
2161 1624 2278 1661 quam

124 1684 190 1718 ra;
223 1671 265 1709 K
288 1672 325 1710 O
350 1673 392 1716 Q
416 1671 573 1719 Jupiter
600 1671 661 1708 vel
694 1670 883 1707 Saturnus
908 1666 1009 1706 circa
1040 1668 1172 1705 Solem
1227 1664 1414 1716 proxime,
1451 1664 1617 1715 ideoque
1649 1666 1831 1702 satellites
1861 1664 2085 1702 describunt
2115 1664 2279 1704 circulos

127 1725 154 1762 S
173 1724 389 1763 describens
415 1725 576 1763 orbitam
600 1725 647 1762 M
673 1724 705 1761 P
729 1724 777 1766 N,
803 1723 841 1759 A
867 1722 898 1760 C
921 1721 961 1759 D
984 1721 1020 1758 E
1045 1722 1081 1759 L
1109 1733 1171 1759 or·
1227 1720 1394 1770 planctae
1414 1718 1599 1769 primario
1618 1718 1889 1768 concentricos.
1941 1718 2048 1763 Quia
2075 1716 2181 1769 ergo,
2211 1718 2278 1756 ubi

123 1778 202 1815 bita
221 1778 393 1816 satellitis
405 1793 417 1825 ;
440 1778 537 1815 radii
560 1777 658 1815 Solis
677 1777 837 1814 extremi

127 1831 165 1868 G
184 1831 233 1876 O,
259 1832 300 1868 Η
321 1832 355 1868 R
368 1831 485 1880 paulo
499 1831 703 1881 plusquam
718 1830 831 1868 dimi-

121 1883 231 1922 dium
249 1885 413 1933 planetae
431 1885 466 1923 P
477 1885 680 1929 illustrant,
694 1892 733 1921 et
744 1896 830 1932 pro-

121 1936 226 1975 ducti
247 1937 422 1976 umbram
438 1937 611 1975 conicam
634 1938 674 1975 R
694 1938 729 1975 A
746 1938 777 1975 C
793 1937 830 1975 Ο

120 1990 340 2036 terminant,
374 1992 488 2041 cujus
520 1992 602 2029 axis
640 1997 697 2029 est
729 1998 833 2028 recta

123 2043 151 2081 S
174 2044 208 2081 P
230 2045 264 2082 B
286 2057 353 2092 per
375 2045 475 2082 Solis
499 2052 538 2082 et
559 2045 723 2094 planetae
741 2056 830 2081 cen-

121 2104 180 2135 tra
211 2098 410 2135 transiens.
472 2097 583 2135 Dum
615 2097 764 2135 satelles
790 2098 833 2133 in

121 2149 246 2188 orbita
264 2149 336 2187 sua
362 2151 398 2188 L
422 2151 454 2189 C
479 2152 518 2189 D
541 2151 578 2189 E
608 2151 747 2201 girans,
768 2163 833 2188 co·

120 2216 219 2241 num
239 2205 464 2242 umbrosum
484 2205 639 2255 attingit
657 2204 698 2241 in
723 2204 772 2249 A,
791 2203 835 2241 in

119 2259 296 2295 umbram
322 2257 566 2309 immergitur
584 2266 622 2295 et
639 2264 760 2295 cessat
778 2257 833 2293 vi-

120 2309 225 2357 deri3
253 2309 395 2348 deinde
412 2324 459 2350 ex
479 2310 618 2349 umbra
636 2323 837 2360 emergens

119 2363 161 2401 in
191 2363 224 2401 C
253 2375 386 2401 rursus
417 2371 586 2412 apparet.
649 2365 836 2402 Attamen

119 2522 225 2569 tiam,
242 2522 399 2571 eclipses
417 2525 606 2562 observari
625 2526 701 2562 huc
714 2522 837 2573 usque
915 2550 919 2554 -

119 2587 199 2612 non
212 2582 434 2625 potuerunt,
451 2577 518 2615 sed
531 2579 708 2615 omnium
722 2577 837 2623 satel-
922 2543 1016 2625 s

120 2627 233 2666 litum
247 2629 274 2669 J
276 2630 356 2667 ovis
368 2631 525 2679 eclipses
537 2645 558 2669 e
572 2629 673 2669 terrai
685 2630 838 2679 conspi-

122 2682 156 2720 ci
174 2690 346 2730 possunt,
367 2696 457 2721 cum
469 2685 542 2721 hoc
557 2692 685 2722 tamen
702 2683 834 2722 discri-

120 2734 226 2772 mine
243 2736 347 2786 quod
374 2737 637 2775 immersiones
655 2745 693 2775 et
711 2750 836 2775 emer-

120 2787 244 2826 siones
261 2790 386 2839 quarti
405 2797 443 2828 et
461 2791 562 2828 tertii
587 2799 626 2828 et
652 2803 834 2829 nonnun-

120 2853 236 2891 quam
265 2842 423 2880 secundi
454 2843 496 2880 in
532 2843 669 2882 eadem
705 2844 837 2892 eclipsi

90 2906 93 2909 “
121 2902 335 2940 cernantur,
368 2896 482 2945 primi
515 2895 604 2935 vero
639 2897 836 2936 immersio

121 2954 272 2986 tantum
288 2948 347 2987 vel
361 2949 523 2987 emersio
541 2951 730 2989 observari
748 2963 837 2999 pos·

122 3000 183 3039 sit.
253 3002 311 3040 Sit
334 3002 417 3053 jam
449 3003 599 3042 satelles
631 3004 672 3041 in
711 3004 760 3050 L,
800 3011 839 3042 et

121 3053 247 3092 ductis
264 3067 286 3092 e
303 3054 405 3093 terra
426 3057 462 3095 T
479 3058 592 3095 rectis
612 3058 648 3096 T
665 3058 712 3104 P,
736 3058 772 3096 T
785 3058 836 3105 L,
999 3093 1002 3096 .

122 3108 291 3158 angulus
314 3109 347 3147 P
368 3109 404 3147 T
417 3110 465 3155 L,
482 3109 623 3149 dicitur
642 3110 838 3162 elongatio
1573 3112 1608 3151 F
2298 3146 2306 3151 -

126 3172 194 3198 seu
229 3160 412 3213 digressio
447 3166 688 3214 geocentrica
723 3165 837 3203 satel-
1623 3174 1627 3177 ’

123 3212 203 3250 litis
239 3213 276 3252 L
311 3227 335 3253 a
369 3215 524 3264 planeta
564 3218 746 3265 primario
785 3217 832 3256 P.
1468 3218 1473 3254 s
2144 3180 2252 3289 θ

127 3265 307 3304 Ducatur
334 3269 449 3306 etiam
485 3278 587 3309 recta
621 3270 658 3309 T
679 3270 720 3309 K
758 3271 837 3309 dis·
1399 3281 1437 3323 G
1780 3271 1842 3310 Π

124 3330 216 3356 cum
251 3320 419 3369 primarii
462 3323 628 3371 planetae
674 3331 839 3376 tangens

126 3371 168 3409 in
200 3371 252 3415 K,
290 3380 329 3411 ct
363 3375 530 3426 angulus
565 3377 600 3415 P
631 3377 667 3415 T
692 3377 733 3415 K
766 3377 838 3416 erit
1597 3357 1628 3398 S

127 3424 406 3464 semidiameter
443 3428 613 3477 primarii
645 3443 667 3467 e
698 3430 838 3468 tellure

126 3477 206 3514 visa
233 3490 301 3515 seu
325 3491 521 3528 apparens,
548 3482 712 3534 ideoque
730 3483 837 3521 elon-

126 3530 231 3581 gatio
261 3532 504 3581 geocentrica
537 3536 610 3573 erit
640 3537 689 3575 ad
725 3537 840 3574 semi-

130 3584 362 3621 diametrum
407 3595 653 3634 apparentem
694 3598 740 3628 ut
773 3594 945 3642 angulus
998 3595 1034 3633 P
1067 3596 1103 3634 T
1145 3596 1181 3634 L
1243 3596 1442 3647 elongatio
1460 3596 1633 3634 maxima
1652 3601 1720 3640 est,
1747 3595 1781 3633 P
1800 3596 1840 3634 K
1862 3603 1919 3633 est
1937 3593 2230 3647 quamproxime
2243 3593 2295 3631 ad

131 3636 180 3674 ad
222 3637 414 3688 angulum
468 3639 501 3676 P
531 3640 568 3678 T
597 3641 671 3679 K.·
736 3643 959 3685 observatis
1003 3648 1184 3697 pluribus
1240 3649 1278 3687 P
1302 3650 1353 3695 L,
1384 3646 1430 3688 ut
1455 3649 1630 3699 angulus
1662 3649 1697 3686 P
1719 3650 1755 3686 T
1777 3650 1818 3687 K
1839 3650 1887 3687 ad
1907 3650 2097 3699 angulum
2130 3648 2164 3685 P
2185 3648 2222 3685 T
2243 3647 2291 3690 L,

54 3700 61 3705 ⁴
133 3689 356 3738 hujusmodi
384 3691 695 3741 elongationibus
720 3701 973 3746 geocentricis
999 3709 1038 3739 et
1064 3702 1183 3739 semi·
1238 3704 1290 3740 ob
1314 3699 1447 3739 datam
1474 3702 1662 3739 rationem
1689 3703 1830 3740 horum
1852 3702 2088 3751 angulorum
2110 3708 2148 3739 et
2165 3701 2293 3738 datam

131 3740 636 3804 diametrisflpparentibuS,
682 3748 806 3798 iisque
840 3749 942 3790 inter
980 3767 1020 3792 se
1058 3754 1182 3792 colla-
1237 3766 1393 3805 quoque
1420 3755 1749 3793 semidiametrum
1775 3756 1809 3793 P
1833 3756 1887 3800 K,
1909 3755 2022 3792 datur
2040 3764 2079 3792 et
2101 3755 2136 3792 P
2157 3755 2206 3799 L,
2226 3764 2294 3789 seu

133 3801 194 3842 tis,
217 3806 468 3836 inveniuntur
492 3798 755 3851 elongationes
771 3804 958 3855 maxima:
987 3808 1053 3847 ubi
1082 3807 1184 3847 ratio
1240 3807 1429 3847 distantia
1456 3809 1629 3846 satellitis
1656 3822 1680 3846 a
1706 3816 1839 3847 centro
1866 3808 2047 3858 primarii.
2111 3805 2296 3857 Angulus
