2528 4172
261 288 329 333 34
756 278 1321 334 PHILOSOPHIAE
1364 280 1816 333 NATURALIS
1873 280 1991 346 [DE
2013 281 2218 334 Mum».
2243 284 2402 337 SYs‘r.

260 423 360 476 hac
383 425 498 496 lege
536 424 792 496 gravitare
829 424 1078 475 deberent
1114 423 1168 474 in
1206 442 1260 474 se
1284 423 1481 487 mutuo,
1522 423 1641 475 cum
1677 434 1851 476 tamen
1888 424 2141 493 ejusmodi
2176 427 2398 495 gravitas

261 514 561 583 neutiquam
588 513 863 564 sentiatur:
892 494 1348 581 respondeo’quod
1372 513 1595 582 gravitas
1621 513 1675 563 in
1699 512 1813 563 haee
1835 531 2068 580 corpora,
2098 510 2216 563 cum
2241 514 2306 564 sit
2332 513 2399 564 ad

261 604 566 673 gravitatem
592 604 646 652 in
663 602 885 653 Terram
904 611 1066 653 totam
1090 612 1147 653 ut
1175 613 1294 653 sunt
1317 601 1431 652 haec
1457 620 1675 671 corpora
1699 602 1767 654 ad
1787 602 2006 654 Terram
2037 613 2214 664 totam,
2243 600 2398 673 longe

260 692 434 743 minor
459 701 537 742 est
562 688 720 760 quam
747 709 864 760 quae
891 691 1068 741 sentiri
1093 691 1272 758 possit.

278 809 280 811 >
336 781 499 831 Corol.
528 785 578 829 2.
619 778 911 830 Gravitatio
948 779 1003 828 in
1041 778 1268 849 singulas
1307 778 1538 847 corporis
1573 779 1853 846 particulas
1890 779 2114 850 aequales
2153 790 2231 831 est
2268 780 2399 831 reci-

258 871 417 942 proce
454 882 512 923 ut
548 871 857 941 quadratum
883 870 1144 922 distantiae
1168 871 1404 921 locorum
1429 889 1459 920 a
1483 870 1764 937 particulis.
1849 871 1999 923 Patet
2023 890 2117 940 per
2145 871 2319 922 Corol.
2350 879 2398 922 3.

265 962 425 1029 Prop.
456 959 724 1011 LXXIV.
753 959 872 1011 Lib.
903 959 946 1010 I.

300 1140 309 1165 Ι

632 1239 1106 1292 PROPOSITIO
1147 1239 1303 1290 VIII.
1385 1238 1838 1292 THEOREMA
1875 1235 2033 1291 VIII.

261 1411 319 1462 Si
337 1409 590 1478 globorum
612 1411 816 1459 duorum
837 1411 891 1459 in
916 1427 965 1460 se
983 1406 1147 1459 mutuo
1166 1410 1533 1476 gravitantium
1552 1411 1766 1460 materia
1785 1410 2003 1476 midique
2023 1410 2078 1458 in
2102 1409 2400 1476 regionibus,

334 1517 444 1568 quae
468 1518 502 1549 a
529 1501 711 1550 centris
734 1500 998 1567 oequaliter
1024 1499 1230 1560 distant,
1259 1500 1554 1566 homogenea
1578 1501 1645 1549 sit
1666 1522 1681 1548 :
1722 1500 1819 1548 erit
1833 1499 2033 1564 pondus
2052 1498 2193 1564 globi
2217 1499 2405 1549 alteru-

335 1591 463 1642 trius
489 1591 543 1639 in
569 1592 778 1640 alterum
802 1587 1053 1656 reciproce
1076 1597 1131 1639 ut
1157 1591 1454 1657 quadratum
1481 1591 1739 1640 distantiae
1773 1591 1905 1640 inter
1930 1597 2117 1639 centra.

337 1760 620 1832 Postquam
657 1761 965 1812 invenissem
1004 1761 1310 1830 gravitatem
1346 1761 1400 1811 in
1437 1761 1698 1829 planetam
1734 1769 1901 1811 totum
1938 1760 2062 1810 oriri
2088 1769 2139 1810 et
2166 1760 2409 1828 componi

265 1866 332 1917 el}
356 1849 693 1920 gravitatibus
730 1849 785 1899 in
820 1858 995 1917 partes
1010 1868 1024 1910 3
1065 1858 1116 1899 et
1141 1868 1250 1899 esse
1282 1849 1336 1898 in
1360 1861 1535 1917 partes
1561 1849 1791 1920 singulas
1817 1847 2084 1917 reciproce
2110 1848 2407 1916 proportio-

114 1946 120 1951 '
154 1924 158 1927 ⁵
198 2008 201 2009 γ
261 1937 436 1989 nalem
478 1937 740 2007 quadratis
785 1937 1145 1988 distantiarum
1189 1956 1220 1988 a
1261 1938 1525 2006 partibus:
1565 1938 1867 1989 dubitabam
1910 1956 1975 1987 an
2014 1937 2282 2004 reciproca
2320 1937 2409 1986 illa

260 2024 532 2095 Propertio
559 2025 820 2094 duplicata
844 2026 1100 2077 obtineret
1125 2025 1363 2077 accurate
1389 2027 1445 2076 in
1469 2027 1520 2077 vi
1552 2026 1660 2077 tota
1687 2045 1754 2077 ex
1778 2026 1970 2076 viribus
1997 2025 2236 2094 pluribus
2266 2044 2409 2076 com-

260 2113 446 2184 posita,
488 2133 555 2165 an
592 2113 715 2165 vero
754 2133 908 2183 quam
944 2113 1200 2183 proxime.
1280 2114 1418 2166 Nam
1457 2114 1570 2165 fieri
1603 2124 1779 2183 posset
1803 2124 1861 2165 ut
1884 2114 2171 2182 proportio,
2213 2132 2331 2182 quae
2355 2114 2410 2164 in

262 2284 504 2333 superficiem
551 2285 916 2333 perpendiculariter
963 2284 1193 2335 dirigeretur
1238 2298 1308 2333 per
1371 2284 1472 2333 dem,
1492 2293 1537 2324 ut
1560 2287 1595 2324 B
1619 2286 1651 2324 C
1666 2289 1685 2309 2
1704 2286 1754 2324 ad
1776 2286 1812 2323 E
1837 2286 1900 2324 C2
1922 2286 2062 2336 (Prop.
2086 2285 2296 2323 LXXIV.
2322 2284 2410 2323 Lib.

262 2345 408 2375 rectam
440 2338 474 2375 B
497 2337 534 2375 E
560 2339 620 2381 C;
649 2339 691 2377 in
718 2337 802 2387 ipsa
824 2339 993 2376 Telluris
1012 2338 1213 2386 superficie
1239 2338 1308 2375 ad·
1371 2338 1442 2388 L).
1506 2339 1637 2383 Quare
1656 2339 1837 2387 ponendo
1858 2340 1893 2376 B
1918 2340 1950 2377 C
1966 2341 1984 2361 ²
2014 2337 2064 2374 ad
2089 2333 2182 2376 E·C
2199 2340 2217 2360 ²
2246 2346 2291 2375 ut
2315 2339 2352 2376 E
2377 2339 2409 2377 C

264 2389 379 2428 datur
407 2391 555 2439 sphaera
584 2391 634 2438 T,
666 2392 817 2431 Telluri
843 2393 1087 2441 homogenea
1115 2392 1311 2440 triumque
1368 2391 1417 2428 ad
1455 2393 1489 2430 B
1522 2393 1576 2437 D,
1609 2386 1718 2429 recta*
1744 2392 1779 2430 B
1804 2393 1843 2429 D
1878 2390 2070 2428 exhibebit
2106 2391 2334 2440 gravitatem
2369 2391 2412 2428 in

1372 2445 1533 2482 Terram
1553 2445 1591 2481 in
1613 2444 1697 2481 loco
1728 2445 1777 2490 B,
1806 2458 1850 2482 ac
1870 2442 2032 2492 proinde
2052 2444 2243 2492 completo
2261 2451 2412 2481 rectan-

1372 2497 1468 2546 gulo
1489 2499 1525 2535 T
1548 2498 1582 2535 B
1609 2496 1651 2535 D
1675 2498 1730 2541 A,
1751 2497 1946 2547 gravitatis
1969 2495 2127 2534 directio
2146 2497 2218 2534 erit
2235 2509 2304 2545 per
2331 2496 2412 2534 dia-

1371 2550 1549 2600 gonalem
1575 2551 1610 2587 B
1637 2552 1672 2587 A
1696 2552 1779 2601 (41.
1806 2550 1892 2588 Lib.
1921 2549 1992 2599 L).
2043 2549 2136 2587 Jam
2155 2549 2196 2586 in
2216 2549 2413 2599 triangulo

1371 2603 1598 2653 rectangulo
1619 2604 1652 2640 B
1676 2604 1713 2639 A
1738 2604 1790 2648 D,
1812 2611 1869 2641 est
1899 2603 1933 2640 B
1957 2604 1998 2641 D
2018 2601 2068 2641 ad
2091 2605 2128 2639 A
2153 2603 2193 2640 D
2219 2610 2264 2639 ut
2281 2602 2413 2639 radius

1371 2655 1421 2693 ad
1439 2663 1660 2707 tangentem
1681 2656 1816 2706 anguli
1848 2657 1888 2693 D
1911 2656 1946 2693 B
1970 2656 2021 2693 A.
2085 2654 2190 2700 Quia
2207 2653 2298 2693 vero
2319 2654 2412 2692 Tel-

1371 2708 1467 2746 luris
1492 2708 1773 2747 semidiameter
1790 2708 1993 2746 mediocris
2015 2715 2072 2746 est
2089 2706 2170 2745 fere
2202 2712 2301 2746 1145
2328 2707 2413 2745 leu-

1372 2774 1506 2799 carum
1533 2761 1771 2799 marinarum
1801 2764 1982 2813 (quarum
2010 2774 2150 2810 nempe
2167 2760 2305 2811 viginti
2323 2771 2410 2811 gra·

1373 2814 1468 2851 dum
1487 2814 1693 2862 complent,
1709 2827 1790 2852 uno
1809 2816 1957 2852 marino
1975 2814 2129 2852 milliari
2149 2812 2304 2863 singulo
2323 2826 2411 2863 gra-

1375 2867 1449 2904 dus
1467 2869 1619 2905 minuto
1637 2867 1901 2916 respondenti)
1922 2867 2014 2915 poni
2034 2867 2148 2905 etiam
2167 2873 2292 2914 potest
2309 2873 2413 2903 recta

1378 2921 1413 2958 B
1438 2922 1477 2958 D
1506 2920 1665 2969 aequalis
1695 2921 1730 2958 E
1756 2921 1801 2966 C,
1831 2918 1996 2969 ideoque
2019 2920 2090 2957 erit
2116 2918 2164 2956 ad
2197 2918 2232 2956 T
2254 2919 2303 2965 B,
2333 2918 2412 2956 sive

1377 2974 1413 3011 B
1437 2974 1477 3011 D
1499 2974 1547 3011 ad
1570 2975 1608 3010 A
1633 2974 1673 3011 D
1691 2981 1737 3011 ut
1757 2978 1861 3011 2290
1879 2973 1927 3010 ad
1951 2977 1983 3016 1,
2014 2971 2119 3009 unde
2144 2970 2270 3018 prodit
2287 2983 2412 3021 angu-

1373 3027 1437 3063 lus
1473 3029 1509 3064 A
1534 3027 1568 3064 B
1593 3027 1646 3072 D,
1678 3026 1820 3063 minuti
1851 3025 1965 3074 primi
1997 3036 2086 3062 cum
2120 3023 2291 3061 dimidio.
2371 3024 2414 3062 Si

1374 3079 1502 3129 itaque
1529 3079 1614 3116 loco
1633 3079 1791 3127 sphaerae
1813 3079 1860 3120 T,
1890 3077 2129 3126 intelligatur
2145 3088 2258 3113 mons
2275 3076 2414 3126 aliquis

1374 3133 1652 3182 cujuscumque
1679 3130 1816 3181 figurae
1842 3130 1953 3180 cujus
1980 3129 2152 3167 attractio
2168 3129 2414 3179 aequipolleat

1375 3184 1588 3222 attractioni
1616 3183 1817 3233 ipsiusmet
1843 3185 2013 3231 sphaerae,
2037 3181 2253 3230 pendulum
2279 3182 2328 3219 ad
2352 3194 2413 3220 ra-

1375 3236 1502 3275 dicem
1538 3236 1699 3286 hujusce
1734 3236 1878 3273 montis
1913 3234 2165 3274 constitutum
2198 3235 2234 3270 vi
2270 3235 2413 3272 montis

1374 3297 1578 3327 attractum
1607 3288 1772 3326 deviabit
1796 3301 1819 3325 a
1842 3286 2117 3336 perpendiculo
2144 3287 2267 3337 magis
2294 3286 2412 3337 quam

1374 3342 1516 3379 minuti
1551 3341 1671 3379 unius
1705 3340 1821 3389 primi
1856 3339 2066 3378 intervallo.
2147 3340 2247 3377 Haec
2283 3348 2413 3378 autem

1375 3394 1561 3433 aberratio
1579 3394 1706 3431 minor
1724 3393 1801 3437 fiet,
1829 3393 1861 3430 si
1885 3392 2100 3442 pendulum
2119 3392 2160 3429 in
2181 3400 2303 3441 partes
2321 3405 2413 3430 con-

1374 3447 1508 3485 trarias
1535 3448 1583 3484 ab
1610 3445 1694 3484 aliis
1718 3446 1915 3484 montibus
1939 3445 2218 3493 circumpositis
2236 3445 2410 3490 trahitur,

1374 3500 1406 3537 si
1425 3499 1590 3537 densitas
1609 3499 1775 3547 partium
1794 3498 2031 3537 internarum
2055 3499 2196 3543 Terrae,
2225 3498 2347 3548 major
2364 3497 2414 3535 sit.

269 3556 496 3597 milliarium
543 3556 622 3593 sive
650 3555 773 3592 leucae
802 3553 922 3592 unius
948 3552 1107 3591 marinae
1131 3551 1315 3591 diametro
1374 3551 1491 3603 quam
1512 3551 1679 3589 densitas
1698 3552 1864 3599 partium
1884 3551 2037 3597 montis,
2064 3552 2228 3601 denique
2247 3564 2292 3588 ex
2312 3550 2411 3599 pira—

269 3611 460 3659 descripta
486 3621 605 3660 quam
631 3614 768 3657 tangat
795 3616 898 3644 recta
930 3607 965 3645 B
989 3607 1024 3644 Ε
1051 3607 1108 3652 C;
1138 3605 1316 3656 designet
1377 3604 1511 3642 midali
1543 3604 1735 3642 montium
1767 3603 1905 3654 figura,
1945 3604 2104 3655 aliisque
2139 3604 2237 3641 forte
2272 3603 2409 3648 causis,

273 3664 311 3702 E
336 3664 369 3702 C
399 3664 477 3700 vim
507 3660 705 3713 gravitatis
722 3659 763 3695 in
784 3659 866 3708 ipsa
883 3659 1085 3709 superficie
1107 3659 1250 3703 'I'crrae,
1280 3666 1319 3696 et
1373 3658 1465 3695 hinc
1496 3657 1707 3695 admodum
1740 3657 1895 3695 difficile
1927 3665 1972 3695 ut
1999 3656 2301 3706 perturbationes
2334 3655 2412 3692 illae

272 3715 490 3766 designabit
531 3714 566 3751 T
592 3714 625 3751 B
662 3714 889 3763 gravitatem
927 3713 968 3750 in
1005 3713 1086 3760 ipsa
1116 3711 1319 3761 superficie
1374 3710 1570 3749 sensibiles
1602 3710 1697 3747 fiant
1728 3710 1800 3747 nisi
1837 3710 1879 3748 in
1910 3710 2089 3747 maximis
2111 3708 2332 3755 montibus3
2368 3716 2413 3746 ut

273 3772 433 3819 sphaerae
455 3767 491 3805 T
512 3767 650 3819 (Prop.
679 3764 873 3802 LXXII.
902 3764 990 3802 Lib.
1020 3765 1075 3815 Ι.)
1096 3764 1263 3816 gravitas
1276 3764 1318 3802 in
1374 3762 1491 3801 etiam
1537 3762 1663 3802 Dum·
1721 3763 1910 3814 Bouguer
1961 3762 2225 3801 attractionem
2270 3761 2413 3798 montis

277 3824 328 3869 E,
360 3823 399 3859 in
424 3820 622 3858 Tellurem
643 3818 715 3855 erit
732 3816 780 3855 ad
800 3817 1026 3867 gravitatem
1045 3819 1085 3855 in
1111 3818 1146 3856 B
1165 3817 1206 3855 in
1226 3829 1317 3855 ean·
1365 3815 1634 3866 ,Chimboraco
1651 3815 1692 3854 in
1715 3816 1882 3856 Peruvio
1900 3815 2117 3854 sensibilem
2136 3813 2394 3864 deprehendit.
