2528 4172
315 242 418 285 318
739 236 1182 298 INQUISITIO
1224 237 1563 291 PHYSICA
1604 239 1689 293 IN
1728 239 2052 295 CAUSAM

308 378 375 429 ab
413 378 473 429 iis
499 379 588 448 qui
614 378 757 448 sequi
784 379 1065 441 deberent3
1106 399 1172 432 ex
1198 399 1304 451 quo
1331 381 1661 435 manifestum
1688 394 1764 436 est
1787 404 1897 436 non
1922 385 2038 437 illos
2063 395 2237 450 aestus,
2277 388 2366 458 qui
2402 388 2458 439 in

308 469 433 537 ipsis
471 469 688 539 syzygiis
728 469 1061 521 luminarium
1101 472 1425 542 contingunt,
1467 492 1578 524 esse
1615 475 1887 539 maximos,
1928 476 2020 527 sed
2047 487 2322 545 sequentes
2349 497 2460 529 esse

308 562 542 629 majores.
623 561 850 631 Hocque
875 561 1014 613 idem
1040 563 1437 634 intelligendum
1462 575 1541 616 est
1560 565 1625 617 de
1652 567 1863 618 aestibus
1888 567 2128 630 minimis,
2158 569 2246 637 qui
2270 586 2377 619 non
2401 569 2457 619 in

305 651 443 719 ipsas
480 651 820 720 quadraturas
858 653 1111 717 incidunt,
1153 655 1245 708 sed
1270 653 1468 706 tardius
1496 667 1809 726 sequuntur:
1849 656 1988 708 unde
2014 658 2145 708 ratio
2170 658 2456 731 luculenter

305 743 632 811 perspicitur,
675 762 767 795 cur
793 753 947 796 aestus
974 744 1082 796 tam
1107 746 1323 797 maximi
1357 746 1513 816 quam
1539 749 1739 800 minimi
1764 768 1870 800 non
1909 749 2032 817 ipsis
2059 751 2382 821 syzygiarum
2407 761 2457 804 et

306 833 739 903 quadraturarum
775 837 1166 904 tempestatibus
1205 837 1570 905 respondeant,
1612 840 1702 891 sed
1737 838 1900 891 serius
1926 840 2278 903 observentur,
2318 842 2455 893 tertii

280 924 503 980 ,scilicet
528 923 739 978 demum
766 925 847 977 vel
873 926 1038 995 quarti
1067 937 1186 995 post
1210 927 1322 979 haec
1349 937 1597 997 tempora.

1242 1160 1518 1177 ΜἈἉἉἏἉ

963 1328 1252 1394 CAPUT
1299 1333 1777 1394 SEPTIMUM.

387 1497 712 1575 Eoeplz'calc‘o
733 1498 1162 1576 praecipuorum
1192 1501 1704 1557 Plzoenomfflwrum
1732 1499 1885 1558 circa
1916 1500 2149 1558 AEstum
2179 1501 2385 1560 Maris

1150 1601 1593 1659 observatorum.

298 1763 336 1825 ᾗ.
366 1767 451 1812 98.
504 1736 591 1814 ΙΝ
636 1760 1052 1829 praecedentibus
1100 1761 1370 1830 Capitibus
1412 1760 1575 1814 fusius
1619 1762 1954 1831 exposuimus
1998 1757 2228 1826 effectus„
2274 1760 2364 1831 qui
2402 1760 2457 1810 in

298 1850 430 1899 mari
473 1870 504 1901 a
547 1850 741 1901 viribus
785 1849 886 1902 illis
930 1850 1148 1913 duabus,
1193 1869 1413 1921 quarum
1453 1850 1615 1903 altera
1653 1849 1832 1903 versus
1875 1851 2082 1903 Lunam
2124 1861 2201 1902 est
2241 1850 2452 1911 directa,

298 1940 460 1992 altera
499 1940 673 1993 versus
715 1941 907 2004 Solem,
947 1941 1167 2010 produci
1205 1941 1429 2004 debent3
1469 1960 1660 2012 eosque
1682 1939 1806 1993 cum
1835 1960 1930 2010 per
1955 1941 2211 1993 calculum
2237 1940 2455 2009 analyti-

298 2048 433 2092 cum,
462 2028 574 2082 tum
599 2049 693 2099 per
721 2029 887 2081 solida
910 2031 1181 2082 ratiocinia
1205 2031 1277 2082 ita
1302 2031 1773 2093 determinavimus,
1802 2040 1860 2081 ut
1885 2030 1951 2081 de
1977 2049 2157 2081 eorum
2183 2027 2455 2081 existentia

297 2119 524 2171 dubitari
562 2119 776 2171 omnino
812 2137 921 2171 non
956 2119 1125 2182 liceat,
1168 2120 1210 2170 si
1247 2119 1458 2189 quidem
1494 2118 1598 2170 illae
1634 2120 1766 2171 vires
1801 2119 2155 2171 admittantur.
2233 2119 2307 2170 At
2331 2118 2455 2170 vero

295 2209 418 2260 istas
444 2209 579 2260 vires
606 2210 658 2260 in
686 2209 885 2261 mundo
906 2210 1128 2262 existere
1147 2229 1253 2261 non
1275 2210 1442 2262 solum
1466 2229 1562 2279 per
1581 2210 1681 2261 alia
1704 2210 2052 2279 phaenomena
2072 2209 2454 2262 evidentissime

287 2300 646 2368 'probavimuS,
687 2301 780 2353 sed
819 2302 974 2353 etiam
1012 2320 1189 2353 earum
1227 2321 1436 2355 causam
1471 2302 1738 2373 physicam
1775 2302 2164 2374 assignavimUS,
2207 2321 2363 2373 quam
2394 2302 2452 2353 in

296 2392 430 2443 binis
457 2395 756 2458 vorticibus,
798 2414 1020 2465 quorum
1045 2394 1174 2446 alter
1200 2395 1338 2447 circa
1367 2395 1557 2458 Solem,
1586 2394 1716 2446 alter
1742 2394 1878 2446 circa
1905 2394 2113 2446 Lunam
2150 2394 2216 2445 sit
2260 2393 2450 2445 consti-

295 2495 453 2548 tutus,
493 2488 777 2554 posuimus,
821 2488 1014 2557 quippe
1052 2504 1169 2558 quae
1208 2499 1284 2540 est
1321 2488 1474 2539 unica
1510 2488 1643 2539 ratio
1670 2485 1788 2539 cum
1825 2488 2132 2557 gravitatem
2158 2484 2269 2537 tum
2296 2487 2449 2538 etiam

298 2573 449 2637 vires,
494 2575 681 2644 quibus
718 2576 943 2644 planetae
971 2577 1024 2626 in
1051 2577 1153 2627 suis
1180 2577 1359 2627 orbitis
1386 2577 1522 2628 circa
1551 2576 1725 2628 Solem
1752 2576 2097 2637 continentur,
2141 2575 2453 2644 explicandi.

296 2662 441 2723 Quin
467 2663 622 2714 etiam
647 2662 761 2715 haec
786 2664 898 2732 ipsa
922 2665 1268 2732 phaenomena
1304 2665 1561 2716 internam
1586 2664 1846 2717 vorticum
1869 2673 2185 2716 structuram
2200 2657 2264 2715 'et
2299 2664 2451 2715 indo·-

294 2753 398 2804 lem
425 2765 900 2806 commonstrarunt
915 2774 928 2816 3
969 2755 1037 2806 ob
1064 2774 1225 2825 eaque
1251 2755 1473 2806 vortices
1497 2754 1570 2805 ita
1596 2762 1923 2823 comparatos
1943 2772 2055 2805 esse
2082 2753 2369 2816 statuimus,
2391 2763 2449 2804 ut

295 2845 430 2897 vires
468 2846 774 2918 centrifugae
815 2847 1118 2898 decrescant
1159 2847 1212 2896 in
1253 2844 1515 2915 duplicata
1557 2845 1758 2897 ratione
1798 2844 2158 2895 distantiarum
2194 2862 2225 2895 a
2263 2843 2449 2894 centris

297 2937 617 2990 eorumdem.
697 2938 876 2999 Quare
918 2937 1037 2990 cum
1081 2939 1136 2989 in
1179 2939 1260 2990 his
1295 2939 1490 2990 viribus
1525 2938 1656 2990 nihil
1698 2936 1927 3009 gratuito
1961 2935 2367 2997 assumserimus,
2408 2934 2451 2985 si

295 3026 505 3078 effectus
533 3046 599 3079 ex
625 3028 685 3079 iis
712 3028 919 3079 oriundi
940 3047 1060 3080 cum
1086 3028 1447 3097 phaenomenis
1469 3027 1624 3081 aestus
1643 3028 1800 3079 maris
1822 3026 2146 3087 conveniant,
2170 3021 2450 3076 certissime

294 3115 455 3166 nobis·
470 3116 783 3184 persuadere
807 3117 1107 3185 poterimus,
1150 3117 1203 3168 in
1237 3117 1509 3189 assignatis
1536 3117 1732 3170 viribus
1757 3133 1932 3168 veram
1959 3112 2117 3165 aestfis
2143 3112 2300 3164 maris
2326 3130 2448 3163 cau—

297 3222 405 3255 sam
444 3205 725 3268 contineri3
764 3206 1123 3277 absonumque
1160 3205 1375 3258 omnino
1411 3205 1538 3269 fore,
1579 3206 1622 3257 si
1659 3222 1867 3257 causam
1893 3201 2048 3254 aestfis
2073 3201 2229 3253 maris
2255 3201 2310 3252 in
2336 3201 2447 3252 aliis

231 3308 240 3315 ·
294 3293 486 3346 viribus
513 3295 829 3366 imaginariis
855 3296 1129 3367 anqui1ere
1167 3296 1430 3347 vellemus.
1509 3294 1867 3356 Quamobrem
1897 3293 1951 3342 in
1977 3291 2079 3343 hoc
2108 3290 2293 3359 Capite
2319 3308 2444 3342 con-

296 3384 551 3436 stituimus
579 3405 758 3439 omnes
786 3387 1013 3451 effectus,
1043 3387 1128 3458 qui
1157 3386 1211 3437 in
1237 3385 1589 3456 superioribus
1609 3383 1882 3453 Capitibus
1908 3382 2125 3451 sparsim
2151 3390 2272 3432 sunt
2296 3381 2445 3443 eruti,

298 3475 609 3542 conjunctim
638 3487 690 3529 et
714 3478 898 3530 ordine
930 3496 1244 3547 proponere,
1285 3493 1646 3546 summumque
1672 3493 1854 3527 eorum
1880 3491 2190 3525 consensum
2215 3490 2333 3523 cum
2359 3489 2448 3552 ex-

296 3563 547 3631 perientiz'i
574 3566 853 3620 declarare.
931 3567 1193 3630 Quoniam
1223 3576 1395 3619 autem
1420 3566 1656 3619 nondum
1682 3565 2172 3635 impedimentorum
2198 3583 2229 3615 a
2261 3562 2446 3614 littori-

261 3706 264 3711 ,
297 3653 396 3703 bus
420 3653 701 3724 Terrisque
727 3657 1069 3709 oriundorum
1094 3658 1347 3709 rationem
1373 3657 1666 3720 habuimus,
1686 3654 1835 3708 facile
1861 3655 2181 3725 intelligitur,
2208 3653 2330 3704 hinc
2356 3671 2447 3703 ex-

300 3743 438 3794 cludi
468 3744 639 3795 adhuc
667 3746 856 3797 debere
883 3749 1137 3816 ejusmodi
1176 3747 1457 3799 anomalias
1483 3746 1639 3798 aestfis
1665 3747 1838 3809 maris,
1868 3764 1984 3816 quae
2010 3742 2389 3798 evidentissime
2416 3763 2446 3793 a

300 3834 481 3883 Terris
509 3835 926 3904 contingentibus
953 3849 1124 3889 ortum
1150 3839 1391 3902 habeant,
1421 3838 1709 3907 cujusmodi
1736 3849 1856 3891 sunt
1880 3850 2036 3889 aestus
2063 3838 2146 3888 vel.
2171 3835 2444 3888 vehemen-
