2528 4172
783 304 1350 358 PHILOSOPHIAE
1391 305 1849 360 NATURALIS
1925 307 2043 372 [DE
2072 307 2235 360 MUN.
2266 307 2418 363 Svsw,
2458 302 2461 305 ’

486 597 1056 678 REGULAE
1134 591 2203 680 PHILOSOPHANDI.

1208 821 1484 841 “mmmm

1064 981 1391 1036 REGULA
1434 982 1480 1036 1.
1555 985 1619 1054 (α)

263 1126 452 1179 Causas
476 1144 639 1178 rerum
677 1126 986 1178 naturalium
1010 1143 1110 1177 uon
1126 1128 1303 1194 plures
1325 1128 1529 1180 admitti
1554 1127 1746 1190 debere,
1776 1125 1923 1196 qudm
1951 1145 2061 1197 quae
2085 1135 2133 1180 et
2155 1144 2286 1180 verce
2308 1130 2410 1181 sint

723 1224 772 1267 et
795 1220 964 1267 earum
979 1216 1321 1284 plzoenomenis
1345 1219 1662 1285 explicandis
1683 1220 1951 1289 szffciaut.

261 1358 522 1436 DICUNT
557 1376 736 1446 utique
772 1374 1105 1448 philosophi:
1147 1377 1351 1430 Natura
1387 1377 1519 1430 nihil.
1556 1378 1667 1449 agit
1701 1376 1908 1442 frustra,
1937 1388 1990 1431 et
2013 1377 2206 1430 frustra
2229 1379 2290 1431 fit
2312 1398 2408 1449 per

250 1468 404 1537 plura
440 1465 582 1536 quod
607 1465 721 1518 fieri
745 1475 916 1533 potest
940 1484 1034 1534 per
1057 1468 1322 1535 pauciora.
1400 1467 1603 1519 Natura
1629 1467 1769 1519 enim
1806 1467 2027 1537 simplex
2052 1478 2129 1520 est
2154 1477 2206 1520 et
2231 1487 2407 1521 rerum

253 1556 420 1608 causis
448 1553 721 1623 superfluis
749 1572 855 1606 non
881 1554 1129 1607 luxuriat.

1109 1707 1434 1762 REGULA
1474 1708 1550 1761 II.

246 1853 463 1922 Ideo‘que
487 1852 738 1923 effictuum
754 1854 1062 1905 naturalium
1081 1852 1292 1921 ejusdem
1310 1855 1513 1925 generis
1538 1855 1716 1905 eaedem
1740 1853 2062 1922 assignandae
2084 1862 2199 1906 sunt
2222 1873 2398 1921 causae,

1016 1943 1415 2015 quc‘itenusfieri
1427 1954 1611 2016 potest.

316 2096 415 2151 Uti
439 2097 792 2166 respirationis
817 2097 873 2148 in
896 2098 1111 2150 homine
1137 2109 1189 2151 et
1213 2099 1268 2150 in
1292 2099 1459 2152 bestia
1478 2120 1492 2163 3
1539 2099 1818 2152 descensus
1842 2097 2075 2167 lapidum
2101 2098 2153 2150 in
2184 2098 2399 2170 Europa

243 2196 298 2238 et
323 2186 378 2237 in
406 2187 684 2250 Americim
724 2187 853 2242 lucis
876 2187 932 2243 in
956 2187 1078 2258 igne
1104 2187 1323 2241 culinari
1348 2199 1399 2241 et
1423 2189 1478 2241 in
1508 2190 1662 2251 Sole3
1705 2187 2001 2242 reflexionis
2023 2188 2152 2241 lucis
2179 2189 2234 2241 in
2259 2190 2397 2245 terr&

241 2285 295 2328 et
319 2277 373 2327 in
396 2276 635 2350 planetis,

1082 2430 1410 2487 REGULA
1448 2431 1555 2485 ΙΙΙ.

240 2585 531 2649 Qualitates
565 2601 823 2651 corporum
866 2601 978 2653 quae
1013 2586 1212 2637 intendi
1255 2594 1303 2637 et
1338 2588 1530 2639 remitti
1567 2593 1829 2655 nequeunt,
1868 2603 2072 2654 quaeque
2108 2587 2391 2654 corporibus

304 2672 526 2723 omnibus
550 2681 828 2740 competunt
853 2675 909 2724 in
934 2674 1110 2741 quibus
1135 2676 1475 2742 experimenta
1502 2676 1764 2729 instituere
1787 2675 1918 2737 licet,
1937 2692 2040 2741 pro
2065 2676 2393 2742 qualitatibus

303 2779 560 2829 corporum
585 2763 923 2814 universorum
949 2763 1190 2816 habendae
1212 2771 1343 2818 sunt.

346 2873 358 2896 X

305 2905 443 2957 Nam
480 2905 751 2976 qualitates
789 2924 1069 2976 corporum
1101 2925 1210 2959 non
1233 2906 1334 2959 nisi
1358 2925 1454 2976 per
1480 2907 1838 2977 experimenta
1862 2906 2215 2969 innotescunt,
2244 2905 2388 2959 ideo-

230 3014 332 3065 que
374 2995 642 3066 generales
686 2995 976 3047 statuendae
1021 3006 1142 3048 sunt
1186 3005 1444 3068 quotquot
1488 3014 1608 3051 cum
1658 2995 2028 3069 experimentis
2070 2994 2389 3064 generaliter

1335 3140 1386 3178 ad
1416 3139 1616 3178 veritatem
1648 3139 1758 3179 novis
1794 3136 2067 3188 experimentis
2102 3135 2383 3188 indagandam,

1336 3193 1669 3243 quemadmodum
1703 3191 1913 3231 astronomi
1956 3190 2081 3229 varias
2125 3189 2386 3230 adhibuerunt

1334 3247 1568 3297 hypotheses
1585 3254 1632 3285 ut
1648 3248 1904 3296 phaenomena
1921 3243 2088 3283 coelestia
2111 3243 2320 3292 praedicere
2344 3252 2385 3284 et

1336 3300 1554 3339 accuratius
1600 3301 1810 3345 observare,
1850 3296 1966 3348 atque
2000 3295 2056 3336 ita
2090 3309 2199 3339 veras
2243 3309 2382 3336 eorum

1335 3367 1469 3391 causas
1496 3352 1750 3403 conjectando
1769 3351 1998 3403 investigare
2015 3358 2181 3399 possent.
2243 3350 2380 3388 Altera

1335 3420 1422 3455 pars
1458 3405 1620 3457 reguhe,
1647 3418 1689 3445 ea
1723 3406 1869 3444 scilicet
1913 3417 2001 3454 quae
2041 3403 2255 3453 praescribit
2298 3416 2380 3441 non

284 3137 342 3189 (ἃ)
364 3143 428 3178 49.
453 3141 475 3163 ³¹⁵
509 3141 658 3190 Regula
680 3140 824 3190 prima.
885 3138 991 3177 Haec
1017 3139 1156 3189 regula
1182 3137 1281 3178 duas

234 3191 352 3229 habet
370 3200 521 3240 partes;
551 3192 675 3242 prima
694 3199 763 3240 est,
793 3205 843 3230 ne
860 3192 1105 3245 philosophia
1122 3192 1164 3229 in
1183 3205 1283 3231 vana

229 3246 342 3282 abeat
359 3246 589 3293 opinionum
609 3248 842 3291 commenta,
873 3259 999 3284 causae
1018 3259 1147 3284 rerum
1167 3254 1281 3283 natu-

228 3297 371 3337 ralium
391 3311 471 3335 non
490 3300 575 3338 aliae
594 3299 747 3337 admitti
766 3299 906 3338 debent
920 3299 1036 3350 quam
1049 3312 1136 3349 quae
1150 3299 1281 3337 revera

226 3350 399 3389 existunt
426 3358 464 3389 et
490 3365 578 3402 quae
605 3352 873 3402 phaenomenis
899 3353 1139 3401 explicandis
1169 3353 1280 3390 suffi-

225 3404 362 3451 ciunt;
396 3405 502 3444 unde
530 3406 562 3442 si
590 3406 756 3444 velimus
783 3419 874 3444 cum
895 3406 1086 3445 evidentia
1104 3418 1149 3443 ac
1167 3406 1282 3444 certi-

224 3458 363 3495 tudine
384 3458 655 3507 philosophari,
673 3472 808 3497 omnes
826 3461 1057 3509 hypotheses
1077 3459 1279 3510 negligen-

225 3510 287 3548 (lae
312 3512 423 3549 nobis
445 3520 560 3559 sunt;
589 3513 812 3564 hypothesis
837 3514 941 3551 enim
962 3512 991 3550 si
1014 3513 1192 3564 legitima
1209 3520 1278 3559 est,

224 3577 353 3602 causoe
379 3565 537 3615 quidem
564 3565 867 3614 possibilitatem,
889 3565 1053 3605 minime
1072 3564 1162 3604 vero
1180 3566 1280 3603 exis-

223 3618 388 3657 tentiam
420 3618 728 3663 atlstruit„ci1m
765 3619 926 3657 effectus
957 3620 1062 3657 idem
1098 3619 1275 3667 pluribus

224 3671 353 3708 modis
379 3671 542 3721 produci
570 3672 700 3720 possit.
765 3673 1045 3711 Verumtamen
1071 3672 1137 3710 ubi
1160 3672 1275 3710 certi-

223 3723 373 3761 tudinis
418 3725 639 3763 obtinendae
685 3727 733 3763 ab
779 3727 1052 3775 experimentis
1097 3734 1136 3764 et
1182 3725 1275 3764 inde

228 3777 504 3816 mathematica
534 3778 593 3815 via
620 3778 865 3827 procedendo
891 3792 977 3828 spes
1005 3792 1084 3817 non
1116 3779 1280 3829 affulget

230 3829 508 3882 hypothesibus
535 3832 767 3887 quibusdam
797 3832 1094 3874 particularibus
1113 3832 1169 3871 uti
1190 3828 1281 3871 licet.

1333 3460 1464 3509 plures
1483 3458 1740 3497 admittendas
1757 3472 1838 3497 esse
1850 3470 1981 3496 rerum
1996 3457 2232 3495 naturalium
2246 3469 2380 3493 causas

1333 3511 1451 3561 quam
1479 3526 1567 3563 quae
1594 3525 1729 3550 eorum
1758 3511 2024 3561 phaenomenis
2042 3509 2280 3559 explicandis
2298 3508 2380 3545 suf..

1334 3566 1482 3610 ficiunt,
1517 3565 1723 3603 manifesta
1754 3573 1837 3612 est;
1866 3576 1959 3602 nam
1992 3563 2084 3601 cum
2110 3575 2199 3602 vera
2222 3561 2381 3599 effectus

1330 3632 1448 3657 causa
1482 3631 1550 3668 per
1580 3619 1858 3667 experientiam
1891 3617 2010 3655 semel
2047 3616 2205 3653 inventa
2233 3623 2302 3657 est,
2341 3622 2381 3653 et

1328 3673 1547 3711 matheseos
1594 3685 1668 3719 ope
1713 3670 1926 3722 praesertim
1972 3668 2278 3708 demonstratum
2323 3675 2380 3705 est

1328 3738 1456 3764 causae
1482 3724 1588 3761 illius
1608 3737 1693 3761 eam
1714 3739 1794 3763 esse
1818 3725 1894 3761 vim
1914 3736 2003 3774 quae
2020 3722 2071 3761 ad
2090 3721 2271 3759 effectum
2291 3732 2378 3768 pro-

1333 3777 1556 3816 ducendum
1578 3778 1756 3824 sufficiat,
1783 3778 1906 3829 liquet
1923 3776 2040 3816 aliam
2057 3774 2271 3827 quamlibet
2289 3785 2379 3812 cau-

1333 3844 1416 3871 sam
1435 3845 1516 3870 esse
1536 3830 1727 3871 inutilem.
