2528 4172
163 696 168 699 Β
253 697 376 748 hinc
418 697 473 747 in
516 695 778 767 triangulo
820 693 1035 746 isoscele
1073 694 1125 745 A
1167 691 1222 745 T
1263 692 1327 754 Β,
1366 691 1558 743 dantur

256 284 418 336 xxviii
1058 275 1613 331 INTRODUCTIO
2094 337 2098 341 .
2121 276 2284 341 [CAP.
2313 277 2388 329 11.

254 428 476 499 angulus
503 427 549 479 P
575 426 627 480 A
654 426 721 490 T,
750 422 927 497 anguli
956 423 1002 475 C
1029 423 1080 475 A
1108 423 1153 474 P
1178 421 1621 499 complementum.
1637 418 1704 470 ad
1729 418 1861 470 duos
1886 427 2070 481 rectOS,
2100 420 2388 490 eodemque

251 519 409 571 modo
433 537 527 587 per
552 516 962 570 observationem
987 515 1042 565 in
1065 514 1181 565 loco
1203 513 1249 565 Β
1273 512 1460 564 factam
1485 510 1745 562 invenitur
1770 510 1989 581 angulus
2014 510 2058 562 P
2083 510 2129 561 Β
2150 502 2217 563 T.
2282 512 2385 565 Sed

252 607 374 659 dato
411 625 535 658 arcu
572 606 624 658 A
648 605 705 658 D
734 604 798 668 Β,
837 604 990 656 datur
1025 602 1245 673 angulus
1271 602 1324 654 A
1349 601 1401 653 T
1428 600 1475 652 Β
1501 610 1552 651 et

253 786 430 857 anguli
466 785 691 855 aequales
729 785 781 837 T
820 784 872 836 A
908 784 955 836 B
986 793 1037 835 et
1063 783 1115 835 T
1141 782 1189 834 Β
1234 782 1302 833 A.
1379 780 1559 842 Quare

255 875 445 926 dantur
489 873 643 925 etiam
685 873 741 923 in
782 871 1043 943 triangulo
1085 871 1136 921 A
1177 870 1223 921 Β
1271 869 1332 932 P,
1377 867 1555 939 anguli

255 964 551 1026 PAB,et
591 963 635 1014 P
673 963 953 1033 BAquos
990 962 1153 1013 latera
1192 960 1314 1013 PA
1349 969 1400 1011 et
1440 958 1557 1010 ΡΒ

252 1052 481 1103 efficiunt
518 1070 637 1103 cum
675 1050 871 1102 chordfi
900 1050 950 1101 A
979 1050 1043 1101 B.
1118 1047 1264 1119 Ergo
1300 1047 1559 1119 triangula

253 1142 359 1193 duo
411 1142 463 1213 A
501 1142 548 1194 Β
585 1141 637 1194 Τ
686 1151 737 1193 et
787 1141 838 1192 A
878 1140 925 1192 Β
968 1140 1013 1191 Ρ
1054 1138 1242 1191 dantur
1285 1138 1455 1207 specie
1498 1155 1557 1188 ac

250 1230 471 1301 proinde
515 1231 668 1283 datur
708 1231 841 1282 ratio
883 1230 929 1281 P
966 1229 1014 1281 Β
1058 1227 1125 1280 ad
1164 1228 1212 1280 Β
1250 1228 1317 1290 Τ,
1354 1238 1405 1280 et
1435 1227 1557 1297 quia

251 1323 384 1375 datis
410 1321 612 1394 angulis
640 1321 690 1374 A
720 1320 767 1373 Β
794 1319 846 1372 Τ
871 1329 923 1371 et
947 1319 998 1370 A
1020 1318 1067 1370 B
1089 1318 1134 1370 P
1159 1317 1312 1369 datur
1337 1317 1555 1388 angulus

255 1411 301 1463 P
331 1411 378 1462 B
405 1410 472 1473 T,
513 1407 667 1462 ductii
693 1406 835 1460 rect&
865 1408 910 1459 P
937 1407 1003 1469 T,
1032 1406 1293 1458 dabuntur
1317 1405 1371 1456 in
1396 1405 1553 1457 trian-

248 1500 374 1572 gulo
403 1501 447 1552 P
468 1500 521 1552 T
542 1500 604 1564 Β,
627 1498 846 1571 angulus
874 1497 925 1550 T
948 1496 993 1549 Β
1016 1497 1077 1560 Ρ,
1105 1505 1157 1548 et
1181 1495 1310 1547 ratio
1335 1495 1557 1547 laterum

250 1588 302 1641 T
321 1590 367 1642 Β
393 1600 445 1642 et
471 1589 518 1642 Β
538 1590 599 1653 Ρ,
622 1588 775 1660 atque
795 1587 913 1640 ideo
932 1585 1247 1659 triangulum
1265 1585 1366 1637 hoc
1385 1585 1555 1654 specie

248 1679 471 1731 dabitur.
525 1680 820 1731 Innotescet
839 1678 996 1749 igitur
1010 1687 1123 1729 tum
1142 1674 1360 1747 angulus
1379 1675 1549 1744 paral-

245 1768 458 1822 lacticus
486 1770 533 1822 Β
562 1770 606 1822 Ρ
633 1769 700 1833 Τ,
727 1767 840 1821 ῖὰηι
864 1767 1105 1819 distantia
1143 1767 1189 1819 P
1215 1767 1282 1830 T,
1317 1785 1409 1818 seu
1434 1767 1542 1836 ejus

246 1859 379 1910 ratio
422 1859 488 1911 ad
529 1858 727 1911 telluris
768 1864 946 1910 notam
988 1856 1441 1909 semidiametrum.
1543 1854 1667 1908 Hac
1708 1854 1867 1926 igitur
1916 1853 2116 1906 ratione
2164 1853 2383 1906 inveniri

245 1960 416 2017 potest
452 1948 729 2018 parallaxis
767 1949 947 2001 sideris
986 1958 1076 2000 aut
1109 1947 1442 2018 phaenomeni
1476 1947 1558 1999 vel
1595 1946 1903 2017 quiescentis
1927 1946 2008 1998 vel
2033 1946 2216 1998 utlibet
2239 1947 2382 1998 moti.

248 2038 448 2090 Versim
485 2040 768 2092 astronomi
803 2040 1114 2092 recentiores
1150 2039 1324 2108 plures
1360 2039 1670 2090 invenerunt
1692 2037 1964 2090 methodos
1991 2037 2175 2108 quibus
2200 2037 2383 2088 unicus

246 2127 544 2180 observator
580 2130 635 2180 in
669 2129 852 2181 eodem
876 2129 994 2181 loco
1018 2147 1232 2180 manens
1258 2127 1487 2180 siderum
1512 2137 1658 2179 motu
1683 2127 1872 2178 diurno
1897 2145 1958 2177 ac
1981 2126 2196 2195 proprio
2221 2126 2384 2197 agita-

245 2227 419 2269 torum
461 2220 752 2288 parallaxes
793 2229 965 2288 potest
1004 2220 1363 2272 determinare.
1439 2218 1527 2271 De
1570 2218 1668 2282 his,
1711 2218 1801 2270 ubi
1843 2236 1873 2270 e
1915 2236 1973 2269 re
2009 2218 2175 2269 visum
2211 2217 2381 2279 fuerit,

251 2308 499 2361 dicemUS.
577 2310 698 2362 Vid.
731 2310 886 2362 Keill.
913 2311 967 2361 in
994 2309 1386 2362 Introductione
1411 2308 1478 2360 ad
1504 2309 1697 2360 Veram
1723 2307 2125 2359 Astronomiam.
2372 2281 2377 2290 Ι
