2528 4172
101 275 286 329 Lissmt
313 272 611 334 Tannus]
690 267 1093 322 PRINCIPIA
1135 266 1755 319 MATHEMATICA.

95 417 388 477 trahuntur,
428 414 527 465 alia
563 412 748 473 minus,
788 411 1013 479 plurima
1037 428 1145 462 non
1170 411 1463 463 trahuntur.

2169 278 2225 322 31

1542 413 1613 464 Et
1638 414 1714 464 vis
1742 412 2032 484 magnetica
2056 412 2109 462 in
2134 430 2240 463 uno

96 520 146 560 et
171 507 354 559 eodem
399 521 615 572 corpore
657 500 857 552 intendi
897 509 1069 568 potest
1110 513 1160 551 et
1194 501 1401 564 remitti,
1450 512 1629 572 estque
1671 520 2046 572 nonnunquam
2083 499 2239 571 longe

94 600 259 668 major
325 615 422 665 pro
460 593 741 664 quantitate
779 592 1008 642 materiae
1047 592 1204 660 quam
1229 593 1304 642 vis
1331 592 1614 662 gravitatis,
1652 602 1704 644 et
1728 594 1782 644 in
1807 611 2012 644 recessu
2039 611 2070 642 a
2093 609 2240 661 mag-

95 700 213 741 nete
285 686 532 741 decrescit
573 685 628 735 in
669 683 873 734 ratione
915 682 1174 732 distantiae
1218 701 1325 733 non
1371 681 1650 750 duplicata,
1691 683 1782 734 sed
1820 681 1927 734 fere
1961 681 2235 750 triplicata,

98 787 346 849 quantum
370 793 436 827 ex
462 773 644 825 crassis
672 770 979 842 quibusdam
1006 770 1453 822 observationibus
1480 770 1890 822 animadvertere
1916 772 2077 839 potui.

97 917 354 968 aequalitatem
379 914 571 952 linearum
603 913 635 950 C
657 912 710 957 N,
744 911 775 949 C
800 911 840 957 S,
869 910 1033 960 ideoque
1053 922 1137 958 par-

97 970 195 1008 tium
219 971 250 1008 C
271 969 304 1006 P
321 981 365 1006 ac
388 968 420 1006 C
435 980 474 1016 p,
494 973 576 1004 tota
594 965 650 1003 vis
668 965 885 1015 magnetica
902 972 980 1001 tam
1002 970 1138 1000 attrac-

96 1024 174 1061 tiva
196 1021 314 1072 quam
341 1020 534 1069 repulsiva
555 1031 669 1061 acum
694 1025 919 1056 convertens
937 1024 1083 1065 puncto
1105 1016 1140 1054 P

96 1075 287 1125 applicata
305 1073 449 1112 censeri
468 1079 604 1121 potest.

153 1129 193 1166 Si
225 1140 385 1178 magnes
416 1127 463 1164 M
493 1127 541 1163 ab
569 1137 642 1162 acu
674 1122 824 1161 infinite
857 1123 1024 1168 distaret,
1057 1122 1138 1171 pari

97 1181 297 1219 ratiocinio
324 1180 588 1217 ostenderetur
614 1178 692 1214 vim
718 1185 838 1214 totam
858 1175 936 1226 qua
954 1176 1140 1213 convertit

95 1247 211 1273 acum
223 1235 263 1270 in
275 1241 421 1282 puncto
435 1232 467 1269 P
482 1245 563 1270 esse
578 1231 789 1274 collectam,
805 1238 842 1267 et
856 1243 924 1278 per
937 1230 1138 1268 resolutio·
1186 1251 1189 1254 -

98 1300 190 1325 nem
208 1288 360 1332 virium,
375 1286 454 1322 vim
465 1289 543 1335 qua
557 1284 743 1322 convertit
754 1296 880 1329 acum,
897 1295 977 1320 esse
997 1283 1045 1320 ad
1061 1283 1139 1320 vim

97 1348 217 1378 totam
237 1340 319 1390 ejus
337 1339 527 1390 magnetis
554 1338 601 1375 M
621 1345 666 1374 ut
684 1337 790 1373 sinus
808 1336 942 1387 anguli
973 1337 1013 1373 N
1037 1337 1068 1374 C
1092 1337 1139 1374 M

100 1393 346 1446 (deviationis
364 1405 502 1440 nempe
521 1390 611 1429 acus
629 1405 652 1427 a
670 1390 868 1440 magnete)
897 1389 945 1426 ad
963 1388 1128 1426 radium.

153 1446 263 1484 Hinc
289 1445 331 1482 in
360 1457 464 1491 casu,
492 1444 533 1481 in
552 1457 629 1494 quo
647 1456 738 1480 acus
756 1442 928 1492 quiescit,
950 1442 1006 1479 vis
1024 1455 1135 1492 mag-

97 1499 223 1537 netica
254 1499 385 1537 Terrae
414 1506 637 1535 convertens
665 1508 780 1534 acum
816 1503 873 1534 est
903 1494 1062 1546 aequalis
1098 1496 1136 1532 vi

99 1552 290 1602 magnetis
331 1550 568 1589 convertenti
607 1562 733 1594 acum,
780 1548 971 1593 siquidem
1007 1556 1138 1587 manet

96 1617 189 1643 acus
212 1605 254 1641 in
282 1604 495 1654 aequilibrio
518 1604 560 1641 in
588 1603 663 1640 situ
691 1603 730 1639 N
756 1600 790 1639 C
811 1601 848 1647 S,
868 1600 961 1640 cum
980 1614 1073 1652 ergo
1090 1602 1139 1640 sit

96 1657 155 1695 vis
178 1658 396 1708 magnetica
423 1658 553 1694 Terrae
580 1664 672 1701 tota,
703 1655 752 1693 ad
776 1659 853 1691 vim
878 1655 1138 1706 magneticam

99 1710 230 1749 Terrae
254 1717 539 1748 convertentem
565 1722 679 1747 acum
707 1718 752 1747 ut
775 1707 905 1745 radius
930 1708 980 1745 ad
1007 1708 1137 1746 sinum

97 1762 364 1802 declinationis
381 1762 472 1801 acus
491 1776 513 1801 a
531 1763 745 1800 meridiano
764 1762 982 1812 magnetico
993 1776 1005 1808 3
1033 1769 1072 1799 et
1090 1761 1139 1799 sit

96 1816 155 1854 vis
182 1816 373 1867 magnetis
404 1824 628 1854 convertens
660 1827 775 1853 acum
806 1814 983 1866 (aequalis
1014 1814 1072 1851 illi
1101 1815 1138 1851 vi

96 1869 328 1920 magneticae
348 1870 479 1908 Terrae
497 1869 732 1907 convertenti
753 1867 884 1917 acum)
980 1867 1057 1905 vim
1076 1875 1136 1906 to-

97 1929 178 1960 tam
201 1924 393 1973 magnetis
420 1930 466 1961 ut
489 1922 597 1960 sinus
622 1921 848 1961 deviati0nis
877 1935 899 1959 a
950 1934 968 1957 s
986 1934 1009 1959 a
1027 1933 1137 1972 mag-

96 1982 187 2013 nete
204 1975 254 2014 ad
271 1976 423 2014 radium
440 1990 451 2022 ;
481 1988 528 2013 ex
547 1987 657 2026 aequo
676 1982 715 2012 et
734 1987 800 2024 per
819 1974 1138 2022 compositionem

96 2028 290 2066 rationum
321 2029 524 2067 habebitur
555 2029 612 2065 vis
643 2030 724 2065 tota
751 2027 970 2077 magnetica
1005 2028 1160 2066 Terrae⁴

96 2081 148 2119 ad
175 2081 255 2118 vim
280 2089 403 2120 totam
429 2081 622 2132 magnetis
649 2082 696 2119 M
725 2089 770 2118 ut
787 2081 894 2118 sinus
912 2080 1138 2119 deviationis

24 2149 31 2156 ·
97 2133 189 2171 acus
213 2147 236 2171 a
260 2141 450 2186 magnete,
478 2135 526 2172 ad
554 2135 684 2172 sinum
709 2133 974 2170 declinationis
998 2132 1089 2171 acus
1114 2147 1138 2170 a

97 2186 312 2225 meridiano
338 2187 570 2238 magnetico,
597 2186 701 2237 quod
727 2187 839 2224 etiam
860 2199 928 2235 per
946 2186 1135 2235 composi-

96 2239 243 2278 tionem
263 2240 400 2278 virium
420 2240 672 2278 demonstrari
691 2240 886 2288 potuisset.

152 2293 291 2344 Itaque
317 2294 350 2331 si
381 2294 484 2331 idem
511 2306 674 2344 magnes
699 2292 747 2329 ad
773 2293 885 2329 aliam
916 2292 1137 2330 distantiam

97 2356 272 2396 ponatur,
301 2355 345 2384 ut
369 2346 414 2383 in
444 2346 500 2393 X,
530 2346 583 2384 ita
601 2354 646 2384 ut
663 2345 704 2382 in
724 2345 799 2382 alio
818 2345 892 2382 situ
913 2358 1025 2382 acum
1044 2357 1134 2383 con-

98 2401 242 2445 stituat,
274 2399 477 2437 habebitur
507 2400 623 2437 etiam
648 2399 704 2435 vis
731 2398 920 2447 magnetis
944 2398 985 2434 in
1007 2398 1063 2443 X,
1088 2398 1138 2436 ad

97 2452 176 2489 vim
195 2460 315 2491 totam
334 2454 593 2503 magneticam
615 2452 757 2496 Terrae,
779 2459 823 2488 ut
841 2452 949 2489 sinus
967 2450 1136 2491 declina-

97 2506 214 2543 tionis
249 2505 343 2545 acas
379 2519 403 2543 a
433 2505 647 2545 meridiano
678 2504 896 2554 magnetico
927 2503 976 2542 ad
1008 2504 1138 2543 sinum

98 2558 322 2597 deviationis
336 2558 427 2596 acus
447 2572 470 2596 a
488 2567 678 2608 magnete.
742 2558 873 2600 Quare
893 2569 961 2605 per
978 2569 1135 2605 compo-

99 2612 274 2649 sitionem
306 2612 500 2649 rationum
531 2611 602 2649 erit
631 2611 685 2647 vis
717 2610 908 2660 magnetis
934 2609 976 2646 in
1008 2610 1061 2653 X,
1086 2610 1137 2649 ad

99 2664 175 2702 vim
203 2664 395 2715 magnetis
413 2665 454 2701 in
476 2664 538 2711 M,
569 2672 613 2702 ut
631 2665 740 2701 sinus
758 2662 1025 2701 declinationis
1044 2661 1137 2700 acus

100 2730 123 2755 a
149 2718 360 2756 meridiano
387 2717 605 2767 magnetico
632 2716 725 2754 cum
752 2728 912 2766 magnes
939 2723 996 2753 est
1022 2716 1063 2752 in
1095 2716 1134 2753 X

99 2769 241 2808 divisus
267 2783 335 2820 per
361 2770 489 2807 sinum
518 2769 742 2807 deviationis
761 2771 808 2805 ab
826 2777 1069 2818 eomagnete
1095 2768 1137 2805 in

103 2823 145 2861 X
165 2824 302 2872 posito,
323 2823 371 2861 ad
390 2823 520 2861 sinum
538 2822 805 2863 declinationis
832 2821 924 2859 acus
942 2835 965 2858 a
982 2820 1137 2859 meridi·

99 2888 174 2914 ano
200 2876 418 2927 magnetico
441 2875 532 2914 cum
558 2888 719 2926 magnes
745 2882 802 2912 est
828 2875 870 2911 in
899 2875 946 2911 M
972 2874 1137 2912 divisum

98 2941 166 2978 per
183 2928 310 2967 sinum
325 2928 584 2966 deviationisa
595 2935 786 2978 magnete,
804 2927 895 2965 inM
911 2928 1046 2976 posito,
1067 2928 1140 2965 hoc

100 2989 169 3028 est,
199 2982 256 3020 vis
273 2982 464 3033 magnetis
481 2982 522 3020 in
541 2981 697 3020 diversis
715 2980 913 3026 distantiis,
945 2980 1136 3032 (infinitis,

99 3043 272 3083 respectu
298 3034 577 3086 magnitudinis
604 3033 713 3082 acus)
743 3043 799 3071 est
827 3041 872 3071 ut
896 3033 1002 3071 sinus
1021 3033 1138 3071 decli-

99 3088 264 3126 nationis
289 3087 381 3126 acfis
398 3101 421 3125 a
438 3088 657 3139 magnetico
680 3087 893 3125 meridiano
910 3086 1054 3125 divisus
1071 3099 1140 3135 per

102 3140 229 3177 sinum
248 3140 471 3179 deviationis
488 3142 572 3191 ejus
590 3153 613 3178 a
630 3148 822 3191 magnete.

157 3192 351 3243 Equidem
373 3193 528 3245 quando
551 3206 713 3243 magnes
736 3193 826 3231 satis
844 3200 901 3230 est
920 3192 1067 3230 vicinus
1089 3194 1137 3231 ab

102 3258 175 3283 acu
211 3252 257 3283 ut
291 3246 437 3284 diversa
468 3246 613 3284 censeri
645 3247 763 3296 possit
794 3246 878 3297 ejus
905 3245 1085 3284 distantia
1115 3260 1139 3284 a

102 3297 260 3336 diversis
285 3299 438 3347 punctis
469 3299 572 3345 acus,
605 3306 644 3336 et
673 3298 807 3337 fortior
833 3298 883 3337 sit
909 3300 993 3351 ejus
1017 3300 1072 3336 vis
1097 3299 1135 3336 in

102 3359 247 3400 puncta
277 3350 457 3391 viciniora
487 3353 607 3403 quam
635 3353 677 3389 in
702 3351 917 3398 remotiora,
947 3352 1139 3403 simulque

103 3404 203 3442 actio
230 3404 419 3453 magnetis
446 3404 495 3443 ad
526 3405 675 3443 diversa
700 3413 845 3454 puncta
872 3404 964 3443 acfis
988 3404 1137 3443 diversa

102 3469 195 3494 cum
214 3455 438 3506 obliquitate
456 3458 679 3507 applicetur,
707 3466 884 3496 centrum
902 3458 1064 3496 actionis
1081 3458 1138 3496 vis

102 3509 293 3559 magnetis
311 3508 377 3546 fiet
395 3509 556 3548 vicinius
573 3511 802 3549 extremitati
823 3512 875 3556 N,
901 3519 1070 3549 attamen
1089 3513 1139 3549 ob

103 3562 267 3612 figuram
299 3561 497 3612 vulgarem
525 3561 618 3601 acus
643 3564 871 3614 magneticae
888 3577 976 3615 quae
1000 3564 1139 3613 spiculi

102 3613 222 3652 instar
245 3615 409 3652 formata
435 3614 534 3653 circa
549 3625 738 3663 punctum
762 3615 796 3654 P
815 3617 927 3656 latior
945 3624 1014 3663 est,
1043 3629 1135 3654 cen·

103 3674 206 3704 trum
224 3667 421 3707 rotationis
440 3666 531 3705 acus
549 3667 591 3704 in
608 3676 752 3716 puncto
769 3669 804 3707 P
817 3682 973 3708 manere
990 3669 1136 3709 censeri

105 3728 227 3768 potest
243 3721 316 3758 nisi
335 3721 455 3759 nimia
473 3720 520 3759 sit
537 3721 726 3772 magnetis
744 3721 891 3761 vicinia.

1249 910 1424 960 Ideoque
1443 910 1624 949 distantia
1647 911 1836 961 magnetis
1855 913 1903 950 ab
1921 925 1994 949 acu
2013 921 2052 950 et
2070 913 2239 962 angulus

1193 962 1420 1001 deviationis
1455 963 1549 1002 acfis
1593 977 1617 1002 a
1657 972 1838 1014 magnete
1879 966 2239 1004 determinabuntur

1194 1016 1373 1054 ducendo
1400 1017 1543 1054 lineam
1571 1030 1594 1055 a
1615 1025 1747 1065 centro
1772 1019 1962 1068 magnetis
1981 1019 2030 1056 ad
2049 1020 2088 1056 id
2115 1032 2237 1068 punc-

1190 1080 1276 1107 tum
1295 1070 1329 1107 P
1348 1068 1462 1119 atq'ue
1480 1071 1541 1107 his
1561 1070 1765 1119 Principiis
1784 1083 1850 1119 per
1869 1071 2128 1120 experimenta
2148 1085 2238 1109 mox

1191 1124 1424 1160 recensenda
1443 1123 1541 1160 vires
1560 1132 1788 1173 magnetum
1813 1124 1853 1161 in
1873 1125 2029 1162 divers-‘s
2047 1125 2238 1163 distantiis

1192 1177 1404 1224 positorum
1423 1175 1584 1214 fuerunt
1602 1177 1810 1217 aestimatae.

1249 1230 1296 1266 In
1317 1229 1376 1266 his
1396 1230 1667 1277 experimentis
1680 1230 1852 1268 adhibita
1870 1230 1947 1268 fuit
1965 1244 2058 1269 acus
2076 1245 2236 1282 magne-

1192 1282 1267 1320 tica
1302 1284 1421 1319 trium
1455 1283 1654 1329 pollicum,
1685 1296 1773 1333 quae
1806 1292 1850 1321 ut
1883 1284 1990 1330 solet,
2026 1285 2238 1334 attingebat

1193 1334 1357 1385 utraque
1388 1336 1626 1373 extremitate
1662 1337 1852 1375 circulum
1885 1337 2049 1376 divisum
2080 1338 2119 1375 in
2148 1351 2238 1376 suos

1188 1389 1343 1439 graduS‚
1361 1388 1554 1439 ductaque
1568 1389 1671 1428 linea
1685 1390 1991 1438 perpendiculari
2003 1393 2042 1428 in
2058 1400 2236 1429 centrum

1189 1441 1281 1479 acfis
1296 1441 1387 1479 cnm
1406 1455 1541 1490 sponte
1556 1442 1596 1479 in
1611 1443 1825 1481 meridiano
1840 1446 2059 1493 magnetico
2072 1445 2234 1495 jacebat,

1190 1494 1452 1543 applicabatur
1471 1508 1631 1545 magnes
1649 1495 1998 1545 parallelepipedon
2019 1511 2131 1545 super
2150 1511 2237 1535 eam

1191 1548 1346 1594 lineam,
1368 1548 1422 1585 ita
1440 1556 1485 1585 ut
1504 1549 1587 1598 ejus
1601 1549 1718 1585 facies
1735 1549 1885 1596 polares
1903 1550 2237 1599 perpendiculares

1192 1609 1318 1639 essent
1358 1602 1392 1638 ei
1439 1601 1562 1644 lineae,
1615 1601 1804 1652 polusque
1842 1603 1925 1652 ejus
1975 1601 2237 1641 meridionalis

1193 1667 1307 1692 acum
1327 1662 1525 1703 spectaret,
1549 1655 1832 1705 Borealemque
1851 1656 1934 1706 ejus
1953 1665 2168 1694 extremum
2187 1657 2237 1694 ad

1193 1721 1233 1745 se
1263 1708 1441 1753 traheret,
1474 1710 1795 1746 mensurabantur
1830 1708 2022 1747 distantia:
2053 1722 2076 1746 a
2105 1717 2236 1747 centro
2281 1713 2284 1717 ’

1191 1760 1283 1798 acfis
1297 1761 1344 1798 ad
1365 1768 1540 1798 centrum
1555 1761 1745 1811 magnetis
1765 1762 1806 1798 in
1825 1762 2030 1810 pollicibus
2049 1762 2237 1814 lineisque

1197 1814 1488 1860 ParisiensibuS,
1519 1822 1556 1852 et
1582 1816 1851 1852 observabatur
1874 1815 2065 1866 quantum
2091 1816 2132 1853 in
2157 1818 2236 1853 sin-

1191 1868 1295 1918 gulis
1314 1869 1506 1917 magnetis
1524 1867 1714 1906 distantiis
1738 1868 1950 1906 discederet
1968 1882 2061 1907 acus
2079 1883 2102 1908 a
2120 1871 2236 1907 ineri-

1191 1921 1307 1958 diano
1334 1921 1563 1970 magnetico‚
1595 1928 1693 1967 tum,
1727 1920 1854 1970 prim&
1881 1922 2073 1974 graphice,
2104 1932 2238 1971 postea

1194 1974 1345 2012 calculo
1360 1974 1684 2024 trigonometric0‚
1702 1974 1883 2013 distantia
1897 1976 2017 2013 centri
2032 1976 2233 2026 magnetis,

1192 2041 1214 2065 a
1233 2035 1363 2066 centro
1382 2027 1580 2066 rotationis
1598 2027 1701 2076 acQS,
1722 2035 1767 2066 ut
1786 2036 1824 2066 et
1838 2028 2008 2079 angulus
2022 2029 2105 2078 ejus
2124 2029 2236 2066 lineae

1192 2093 1281 2118 cum
1316 2093 1401 2124 acu,
1436 2080 1812 2120 determinabanturz
1846 2082 1967 2119 diviso
1994 2082 2123 2131 itaque
2147 2082 2236 2118 sinu

1191 2133 1457 2173 declinationis
1469 2132 1560 2171 acus
1572 2145 1640 2182 per
1650 2133 1779 2170 sinum
1792 2134 1901 2172 istius
1913 2135 2047 2185 anguli
2059 2134 2236 2184 quotiens

1191 2187 1371 2235 exprimit
1407 2186 1594 2223 rationem
1629 2186 1686 2223 vis
1720 2188 1950 2236 magneticae
1981 2188 2022 2224 in
2056 2188 2237 2225 distantia

1191 2239 1345 2289 singula
1372 2238 1538 2284 inventa,
1568 2239 1645 2276 sive
1672 2239 1910 2290 logarithmis
1937 2242 2092 2285 utendo,
2124 2241 2234 2279 diffe-

1190 2292 1314 2329 rentia
1332 2292 1651 2342 logarithmorum
1678 2293 1835 2330 sinuum
1854 2294 2088 2344 angulorum
2106 2293 2235 2331 devia-

1191 2345 1306 2383 tionis
1335 2358 1358 2381 a
1385 2345 1599 2382 meridiano
1620 2346 1839 2395 magnetico
1857 2354 1896 2384 et
1915 2359 1937 2384 a
1955 2355 2137 2398 magnete
2164 2348 2236 2386 erit

1191 2397 1446 2448 logarithmus
1472 2397 1530 2436 vis
1556 2398 1796 2448 magneticae,
1826 2399 1867 2435 in
1893 2399 2074 2439 distantia
2098 2401 2139 2436 in
2157 2400 2235 2450 qua

1190 2450 1328 2501 anguli
1346 2451 1402 2487 illi
1418 2452 1621 2496 habentur,
1637 2459 1675 2489 et
1689 2452 1799 2489 tertia
1813 2464 1900 2500 pars
1911 2453 1994 2504 ejus
2009 2453 2235 2490 differentiae

1191 2504 1263 2541 erit
1283 2504 1537 2554 logarithmus
1555 2503 1693 2541 radicis
1710 2506 1856 2543 cubicae
1870 2506 1926 2543 vis
1940 2506 2180 2556 magneticae,
2198 2515 2236 2544 et

1191 2558 1395 2605 assumptis
1415 2557 1461 2593 iis
1479 2556 1670 2595 radicibus
1689 2559 1834 2598 cubicis
1852 2559 1891 2597 in
1911 2559 2094 2603 numeris,
2116 2560 2147 2596 si
2168 2572 2235 2608 per

1193 2623 1257 2647 eas
1281 2610 1477 2647 dividatur
1501 2622 1688 2648 numerus
1706 2611 1843 2661 aliquis
1862 2620 2039 2649 constans
2069 2612 2152 2664 (qui
2172 2612 2234 2650 hic

1192 2670 1249 2701 est
1268 2662 1364 2714 575)
1391 2663 1608 2713 quotientes
1629 2673 1744 2701 erunt
1766 2666 1860 2712 ipsae
1885 2665 2099 2712 distantiae3
2129 2665 2235 2703 unde

1191 2716 1312 2766 liquet
1330 2717 1434 2766 quod
1453 2715 1599 2753 radices
1617 2718 1763 2755 cubicae
1781 2717 1921 2755 virium
1934 2719 2126 2768 magnetis
2144 2727 2234 2755 sunt

1191 2768 1342 2806 inverse
1360 2776 1404 2807 ut
1422 2768 1625 2816 distantiae,
1652 2770 1729 2811 sive
1755 2771 1860 2821 quod
1879 2771 1934 2808 vis
1951 2772 2169 2822 magnetica
2187 2771 2235 2808 sit

1192 2822 1341 2860 inverse
1372 2823 1412 2859 in
1443 2821 1592 2861 ratione
1620 2822 1810 2872 triplicata
1838 2823 2130 2862 distantiarum:
2176 2837 2233 2860 se-

1192 2876 1326 2925 quenti
1345 2873 1435 2913 vero
1453 2874 1615 2912 Tabella
1630 2876 1858 2914 exhibentur
1875 2878 1958 2915 haec
1973 2877 2234 2926 experimenta

1193 2927 1338 2979 magna
1356 2926 1449 2966 cura
1467 2926 1652 2973 instituta,
1670 2942 1760 2969 cum
1775 2930 1924 2968 calculo
1942 2930 2032 2967 inde
2044 2930 2230 2976 deducto;

1193 2982 1319 3031 prima
1337 2981 1519 3021 columna
1537 2980 1713 3032 designat
1737 2982 1934 3021 distantias
1952 2996 1975 3020 a
1994 2991 2124 3020 centro
2142 2982 2234 3020 acus

1193 3035 1240 3072 ad
1270 3044 1446 3076 centrum
1473 3037 1690 3084 magnetis;
1720 3037 1889 3073 secunda
1907 3036 2089 3073 columna
2107 3034 2231 3085 desig-

1193 3096 1260 3125 nat
1286 3086 1506 3125 distantiam
1532 3099 1556 3124 a
1583 3096 1714 3126 centro
1740 3088 1938 3126 rotationis
1956 3087 2047 3126 acus
2064 3087 2113 3125 ad
2141 3100 2230 3125 cen-

1193 3147 1297 3178 trum
1334 3140 1552 3191 magnetis;
1599 3143 1711 3179 tertia
1750 3141 2045 3179 declinationem
2081 3140 2174 3180 acus
2209 3155 2233 3179 a

1193 3193 1405 3232 meridiano
1440 3193 1659 3242 magnetico
1695 3207 1783 3232 cum
1821 3207 1892 3230 suo
1928 3193 2158 3244 logarithmo
2194 3203 2235 3233 et

1193 3246 1306 3285 tertia
1331 3247 1417 3297 ejus
1442 3254 1576 3294 parte3
1606 3255 1752 3297 quarta,
1779 3246 2074 3284 declinationem
2099 3246 2191 3284 acus
2209 3261 2233 3285 a

1193 3300 1297 3337 linea
1323 3298 1442 3337 ducta
1468 3311 1493 3336 a
1513 3307 1644 3338 centro
1663 3300 1860 3337 rotationis
1878 3298 1970 3337 acus
1988 3300 2035 3337 ad
2054 3308 2232 3337 centrum

1193 3353 1385 3404 magnetis
1412 3366 1504 3390 cum
1533 3366 1603 3390 suo
1631 3352 1860 3402 logarithmo
1888 3359 1928 3390 et
1958 3350 2070 3390 tertia
2097 3361 2202 3402 parte
2217 3368 2229 3399 ;

1193 3406 1340 3456 quinta,
1374 3405 1610 3443 differentias
1647 3418 1779 3443 earum
1815 3404 2013 3443 tertiarum
2049 3406 2229 3455 partium,
2274 3438 2276 3441 ,

1193 3472 1284 3497 cum
1303 3459 1382 3496 suis
1400 3459 1571 3496 numeris
1589 3458 1655 3508 qui
1685 3458 1871 3495 rationem
1890 3458 2112 3507 exprimunt
2129 3458 2231 3496 radi-

1194 3524 1283 3550 cum
1303 3511 1526 3549 cubicarum
1548 3512 1687 3548 virium
1705 3511 1896 3561 magnetis
1919 3511 1959 3548 in
1979 3511 2136 3549 diversis
2154 3511 2233 3549 ‹lis-

1194 3564 1327 3602 tantiis
1338 3578 1350 3609 ;
1392 3572 1498 3602 sexta
1528 3563 1695 3613 denique
1726 3564 1941 3614 quotientes
1968 3565 2120 3602 numeri
2147 3564 2229 3616 577²}

1191 3629 1260 3665 per
1279 3617 1370 3654 istos
1387 3629 1570 3654 numeros
1583 3616 1705 3661 divisi,
1726 3617 1792 3667 qui
1807 3617 2024 3668 quotientes
2041 3618 2140 3668 ipsas
2153 3617 2233 3657 dis.

1192 3669 1333 3707 tantias
1349 3668 1641 3720 quamproxime
1659 3678 1825 3721 aequant.
2170 3695 2172 3697 >

1127 3853 1210 3894 1322
