2528 4172
0 1430 9 1453 's

44 2658 47 2661 ι
102 2616 217 2653 citato
249 2617 421 2653 observat
453 2616 593 2654 clariss.
630 2624 753 2655 autor.

99 252 284 305 Lmssn
310 248 613 312 TERTIUS]
686 244 1091 298 PRINCIPIA
1130 243 1749 296 MATHEMATICA.

2178 248 2244 298 97

168 393 336 444 Porro
374 391 487 441 fieri
523 398 696 458 potest
722 396 780 441 ut
819 395 975 438 aestus
1011 395 1333 456 propagetur
1359 386 1427 436 ob
1454 400 1649 436 oceano
1675 403 1769 453 per
1795 383 1926 434 freta
1950 382 2154 434 diversa
2180 382 2247 434 ad

96 483 318 536 eundem
343 491 570 550 portum,
600 489 651 531 et
676 478 825 530 citius
851 486 1080 529 transeat
1105 473 1200 545 per
1226 477 1396 546 aliqua
1422 476 1553 527 freta
1578 474 1734 545 quam
1758 494 1853 544 per
1879 475 2010 526 alia:
2063 492 2167 543 quo
2193 472 2248 523 in

95 594 217 627 casu
243 583 397 625 aestus
425 572 581 633 idem,
610 571 677 621 >in
716 569 847 621 duos
873 569 955 622 vel
980 569 1155 637 plures
1183 566 1469 619 successive
1496 568 1827 619 advenientes
1854 567 2064 629 divisus,
2106 584 2248 616 com-

93 683 291 733 ponere
331 662 495 732 possit
537 669 708 711 motus
744 678 905 710 novos
926 659 1250 710 diversorum
1263 677 1544 730 generum.
1623 659 1907 730 Fingamus
1936 669 2090 710 aestus
2117 658 2248 709 duos
2279 692 2293 713 2,

95 753 319 823 aequales
347 771 377 803 a
402 750 615 802 diversis
641 749 768 800 locis
794 749 848 799 in
870 748 1094 800 eundem
1119 759 1332 816 portum
1352 748 1544 810 venire,
1569 766 1791 816 quorum
1816 749 1961 815 prior
1986 747 2250 815 praecedat

95 846 315 897 alterum
361 843 527 911 spatio
570 842 819 893 horarum
864 859 970 903 sex,
1016 840 1311 909 incidatque
1356 839 1410 890 in
1453 838 1639 889 horam
1677 839 1885 890 tertiam
1922 838 1988 889 ab
2027 838 2249 906 appulsu

95 936 264 987 Lunae
290 934 357 986 ad
383 933 728 985 meridianum
753 942 951 1001 portus.

1031 932 1087 984 Si
1125 931 1279 983 Luna
1304 931 1357 981 in
1384 930 1546 982 hocce
1573 949 1667 981 suo
1694 930 1762 981 ad
1787 930 2132 982 meridianum
2157 948 2249 997 ap-

91 1027 245 1095 pulsu
272 1026 575 1078 versabatur
599 1025 651 1074 in
673 1035 952 1093 aequatore,
977 1022 1184 1075 venient
1203 1021 1419 1092 singulis
1439 1021 1581 1072 horis
1605 1021 1740 1072 senis
1765 1022 1989 1090 aequales
2010 1021 2247 1083 affluxus,

94 1118 183 1187 qui
207 1116 261 1166 in
287 1125 494 1165 mutuos
520 1114 748 1165 refluxus
774 1105 1053 1164 incidendo
1080 1110 1285 1162 eosdem
1314 1110 1591 1161 affluxibus
1618 1110 1916 1179 aequabunt,
1955 1119 2006 1160 et
2032 1110 2105 1160 sic
2135 1128 2251 1177 spa-

91 1208 164 1258 tio
200 1206 302 1257 diei
332 1206 469 1256 illius
497 1206 719 1256 efficient
755 1216 813 1255 ut
846 1223 980 1277 aqua
1004 1201 1280 1272 tranquille
1309 1212 1526 1272 stagnet.

1608 1202 1664 1254 Si
1691 1201 1848 1253 Luna
1873 1212 1997 1253 tunc
2024 1201 2253 1252 declina-

91 1297 182 1348 bat
208 1296 272 1347 ab
299 1305 577 1365 aequatore,
606 1294 733 1345 fient
758 1304 912 1345 aestus
939 1294 992 1343 in
1020 1311 1215 1344 oceano
1234 1293 1434 1344 vicibus
1455 1293 1668 1344 alternis
1688 1294 1911 1361 majores
1933 1302 1984 1343 et
2003 1293 2248 1353 minores,

92 1387 168 1438 uti
207 1386 403 1450 dictum
439 1396 544 1447 est3
584 1395 636 1436 et
672 1384 794 1435 inde
819 1384 1249 1453 propa-gabuntur
1274 1384 1327 1433 in
1353 1383 1494 1434 hunc
1519 1393 1732 1452 portum
1759 1383 1982 1443 affluxus
2009 1384 2118 1433 bini
2143 1402 2253 1434 ma·

85 1478 227 1545 jores
254 1487 306 1527 et
329 1476 441 1526 bini
465 1476 709 1537 minores,
740 1474 937 1525 vicibus
964 1473 1191 1524 alternis·
1251 1473 1496 1524 Affiuxus
1524 1484 1697 1524 autem
1723 1475 1835 1525 bini
1860 1476 2083 1542 majores
2112 1492 2254 1525 com-

94 1579 291 1639 ponent
325 1587 512 1638 aquam
547 1567 845 1619 altissimam
871 1567 925 1616 in
950 1566 1124 1617 medio
1150 1566 1284 1617 inter
1311 1576 1610 1636 utrumque,
1641 1566 1863 1618 affluxus
1888 1567 2055 1634 major
2082 1577 2131 1617 et
2156 1567 2255 1616 mi-

94 1710 312 1759 superando
338 1709 591 1747 resistentiam
618 1708 828 1746 fluminum
855 1708 971 1747 faciet
999 1721 1141 1758 aquam

94 1764 207 1802 citius
230 1777 273 1801 ac
301 1763 449 1800 diutius
475 1762 650 1807 influere,
680 1760 854 1812 adeoque
873 1763 1024 1801 minuet
1042 1763 1142 1799 hanc

96 1817 376 1855 differentiam:
410 1814 557 1853 interea
584 1815 673 1853 vero
704 1816 799 1853 dum
829 1816 947 1853 Luna
966 1818 1014 1853 ad
1034 1828 1141 1865 syzy-

95 1872 177 1921 gias
204 1877 393 1919 properat,
424 1882 576 1906 necesse
605 1877 661 1906 est
688 1878 732 1906 ut
760 1869 921 1906 flumina
939 1872 989 1907 ob
1009 1881 1143 1906 cursus

96 1937 186 1961 suos
213 1936 279 1972 per
307 1922 617 1973 magnitudinem
646 1930 810 1960 aestuum
837 1922 1043 1970 impeditos
1061 1935 1143 1958 ma-

95 1978 155 2026 gis
174 1977 408 2025 impleantur
427 1984 465 2013 et
486 1975 684 2024 propterea
702 1976 817 2013 maris
835 1975 1026 2013 refluxum
1047 1989 1143 2024 pau-

96 2028 135 2068 Ιό
155 2032 277 2080 magis
295 2029 509 2078 impediant
527 2029 702 2077 proxime
728 2037 814 2078 post
832 2031 1005 2079 syzygias
1023 2029 1142 2080 quam

96 2083 270 2131 proxime
289 2082 391 2120 ante.
455 2081 518 2120 Ea
537 2082 584 2119 de
604 2082 721 2120 causa
739 2090 853 2120 aestus
872 2084 1047 2119 omnium
1069 2092 1144 2121 tar-

96 2136 241 2174 dissimi
263 2149 342 2174 non
360 2136 533 2173 incident
551 2136 592 2172 in
611 2135 711 2183 ipsas
731 2136 915 2185 syzygias,
945 2136 1010 2172 sed
1029 2136 1147 2185 paulo

97 2190 324 2238 praecedent.
388 2190 483 2227 Dixi
512 2198 627 2227 aestus
652 2189 767 2227 etiam
786 2188 876 2226 ante
896 2189 1068 2240 syzygias
1087 2203 1148 2227 re-

97 2242 240 2280 tardari
260 2243 294 2280 vi
320 2242 432 2280 Solis.
488 2243 761 2293 Conjungatur
780 2255 895 2280 causa
913 2251 1085 2292 utraque,
1109 2252 1147 2281 et

98 2305 263 2333 aestuum
292 2296 496 2334 retardatio
523 2304 562 2333 et
586 2299 709 2348 major
728 2295 800 2333 erit
818 2303 856 2333 et
875 2297 1046 2346 syzygias
1065 2310 1147 2334 ma-

97 2350 158 2399 gis
182 2349 382 2398 praecedet.
447 2350 549 2393 Quae
568 2350 700 2387 omnia
718 2348 771 2387 ita
790 2362 830 2386 se
848 2350 988 2386 habere
1007 2350 1149 2400 colligo

100 2415 146 2438 ex
175 2402 316 2440 tabulis
341 2410 509 2440 aestuum
527 2415 623 2452 quas
652 2404 683 2441 F
686 2402 934 2440 lamsteedius
953 2415 997 2439 ex
1019 2405 1148 2441 obser-

98 2456 315 2493 vationibus
333 2456 628 2506 quamplurimis
656 2456 880 2494 construxit.

157 2513 243 2548 109.
279 2510 465 2546 AEstuum
495 2510 725 2560 magnitudo
757 2522 836 2546 non
868 2521 1007 2557 parum
1033 2510 1150 2548 etiam

100 2562 244 2610 pendet
270 2576 294 2600 a
320 2562 591 2613 magnitudIne
615 2563 794 2609 marium,
815 2570 860 2600 ut
879 2562 919 2598 in
942 2562 1149 2612 Opusculo

816 2615 873 2653 Sit
909 2616 940 2654 C
974 2624 1151 2654 centrum

106 2669 248 2715 Terrae,
287 2669 323 2706 E
348 2670 386 2706 A
411 2669 451 2706 D
474 2670 509 2707 B
538 2670 708 2720 oblonga
734 2668 850 2706 maris
880 2668 1017 2719 figura,
1052 2670 1084 2708 C
1115 2672 1153 2708 A

103 2721 303 2759 semi-axis
320 2722 454 2773 major,
481 2723 513 2760 C
541 2723 576 2760 B
597 2722 795 2761 semi-axis
812 2722 940 2760 minor
957 2722 1075 2772 priori
1093 2723 1153 2761 in-

111 3408 249 3447 sistens
267 3407 316 3447 ad
335 3410 500 3461 angulos
516 3418 651 3450 rectos,
704 3412 890 3450 Sumatur
911 3411 952 3449 D
972 3418 1162 3460 punctum

112 3461 287 3499 medium
317 3462 418 3501 inter
443 3465 480 3501 A
501 3472 540 3502 et
567 3465 616 3509 Β,
651 3464 776 3515 sitque
810 3464 847 3502 E
872 3465 904 3504 C
927 3465 976 3512 F,
1003 3465 1063 3502 vel
1092 3465 1164 3513 ipsi

115 3515 274 3565 aequalis
292 3528 314 3552 e
338 3516 369 3554 C
390 3517 412 3553 f
424 3516 593 3567 angulus
610 3517 660 3555 ad
679 3525 853 3556 centrum
877 3518 1021 3564 Terrae,
1048 3530 1162 3568 quem

115 3568 313 3606 subtendit
331 3568 496 3606 latitudo
514 3569 629 3607 maris
647 3570 839 3608 littoribus
860 3571 910 3615 E,
936 3571 982 3617 F,
1002 3572 1062 3608 vel
1082 3585 1114 3615 e,
1137 3571 1162 3616 f,

115 3622 311 3659 terminari
326 3636 338 3668 ;
370 3630 545 3660 versetur
571 3630 700 3661 autem
728 3630 918 3672 punctum
942 3627 994 3670 A,
1024 3624 1066 3661 in
1084 3637 1164 3661 me-

1198 1720 1326 1759 cessus
1358 1707 1575 1745 altitudinis
1612 1708 1644 1746 C
1670 1708 1705 1746 A
1737 1721 1853 1756 super
1880 1708 2128 1745 altitudinem
2161 1709 2192 1746 C
2219 1709 2252 1745 E

1195 1762 1257 1799 vel
1280 1762 1312 1799 C
1338 1761 1369 1798 F
1395 1761 1614 1812 designabit
1632 1762 1842 1799 maximam
1863 1763 2118 1811 quantitatem
2140 1761 2255 1798 aestus

1196 1815 1237 1852 in
1265 1814 1395 1852 medio
1422 1816 1538 1852 maris
1571 1817 1605 1853 E
1634 1816 1665 1854 F
1694 1816 1887 1853 littoribus
1919 1816 1967 1859 E,
1996 1815 2026 1851 F
2046 1816 2252 1860 terminati,

1197 1875 1236 1906 et
1254 1881 1431 1906 excessus
1450 1868 1665 1906 altitudinis
1690 1870 1721 1907 C
1737 1882 1758 1905 e
1777 1881 1893 1917 super
1912 1868 2158 1905 altitudinem
2178 1869 2209 1906 C
2227 1869 2251 1908 f.

1197 1930 1364 1971 exponet
1391 1922 1601 1960 maximam
1631 1922 1888 1973 quantitatem
1908 1921 2025 1959 aestfis
2051 1922 2100 1958 ad
2129 1922 2256 1960 littora

1199 1975 1373 2026 ejusdem
1402 1975 1529 2013 maris.
1592 1978 1732 2029 (Nam,
1754 1976 1970 2012 differentia
1990 1976 2090 2012 inter
2109 1975 2254 2012 diame-

1197 2036 1302 2066 trum
1330 2030 1563 2067 bisecantem
1592 2030 1786 2080 angulum
1812 2030 1949 2066 datum
1968 2041 2084 2078 quem
2106 2029 2256 2066 faciunt

1199 2082 1288 2120 duae
1308 2083 1484 2119 diametri
1505 2084 1682 2132 ellipseos
1701 2091 1738 2120 et
1757 2082 1981 2120 alterutram
2002 2095 2048 2119 ex
2079 2082 2156 2118 illis
2175 2082 2254 2118 dia-

1198 2136 1331 2173 metris
1358 2136 1481 2185 major
1509 2150 1589 2174 esse
1609 2150 1689 2174 non
1708 2144 1834 2185 potest
1852 2148 1897 2173 ex
1920 2134 2059 2172 natura
2079 2135 2255 2183 ellipseos

1199 2188 1318 2238 quam
1337 2190 1367 2226 si
1397 2189 1464 2226 illa
1483 2189 1669 2227 diameter
1687 2191 1860 2228 bisecans
1879 2189 1927 2226 sit
1946 2189 2144 2225 semi-axis
2174 2202 2253 2226 ma·

1194 2243 1257 2292 jor
1284 2250 1323 2280 et
1350 2242 1566 2280 differentia
1585 2243 1685 2281 inter
1704 2243 1789 2280 illas
1809 2243 1905 2279 duas
1930 2242 2030 2289 ipsas
2049 2243 2255 2279 diametros

1200 2296 1391 2345 angulum
1420 2296 1554 2333 datum
1583 2297 1862 2334 constituentes
1880 2296 2003 2345 major
2021 2309 2100 2332 esse
2122 2295 2256 2346 nequit

1199 2348 1319 2399 quam
1338 2349 1369 2387 si
1389 2349 1574 2387 diameter
1592 2350 1784 2400 angulum
1805 2349 1976 2387 bisecans
1995 2349 2111 2386 faciat
2130 2362 2254 2397 angu-

1199 2402 1283 2440 lum
1305 2415 1394 2440 cum
1413 2416 1485 2441 axe
1513 2402 1814 2452 semi-rectum.)
1876 2402 1992 2439 Unde
2018 2411 2122 2450 patet
2141 2411 2257 2439 aestus

1202 2455 1253 2493 ad
1289 2456 1418 2494 littora
1447 2469 1527 2494 esse
1564 2456 1849 2506 propemodum
1877 2464 1922 2493 ut
1949 2458 2066 2492 maris
2093 2456 2257 2492 latitudo

1204 2510 1241 2548 E
1266 2509 1311 2555 F,
1333 2522 1423 2547 arcu
1443 2510 1685 2560 quadrantali
1714 2522 1793 2546 non
1818 2509 1952 2559 major.
2018 2509 2127 2547 Hinc
2147 2509 2190 2546 fit
2213 2517 2258 2546 ut

1203 2563 1339 2601 nullus
1385 2571 1453 2601 aut
1497 2563 1578 2602 fere
1624 2564 1759 2601 nullus
1800 2565 2022 2600 observetur
2066 2575 2257 2612 aquarum

1201 2624 1331 2654 motus
1358 2617 1399 2653 in
1428 2617 1598 2654 maribus
1617 2630 1697 2654 non
1715 2616 1805 2654 satis
1825 2615 1902 2653 late
1922 2617 2154 2665 patentibus,
2184 2615 2257 2652 nisi

1200 2682 1291 2707 cum
1310 2682 1454 2707 oceano
1473 2670 1556 2719 ipso
1574 2670 1694 2709 libere
1713 2670 2015 2708 communicent.
2084 2670 2123 2707 Si
2152 2669 2258 2706 enim

1202 2723 1300 2760 nihil
1328 2731 1396 2760 aut
1423 2736 1561 2771 parum
1590 2736 1682 2761 cum
1710 2736 1854 2760 oceano
1883 2722 2183 2768 communicent,
2213 2729 2259 2759 ut

1204 2775 1344 2813 accidit
1363 2777 1404 2812 in
1422 2777 1520 2813 mari
1541 2776 1843 2822 Mediterraneo,
1866 2783 1984 2813 aestus
2001 2773 2156 2826 quoque
2172 2788 2257 2812 eam

1202 2831 1252 2867 ob
1290 2841 1446 2867 causam
1483 2830 1611 2868 minor
1648 2829 1962 2878 deprehenditur.
2044 2830 2156 2866 Hinc
2202 2834 2259 2865 est

1206 2882 1324 2920 etiam
1356 2883 1461 2932 quod
1494 2896 1612 2931 prope
1645 2890 1876 2934 aequatorem
1912 2882 1980 2919 ubi
2017 2895 2122 2919 mare
2158 2881 2259 2918 inter

1206 2934 1382 2973 Africam
1402 2943 1440 2973 et
1462 2936 1686 2973 Americam
1710 2943 1923 2986 angustum
1951 2943 2019 2981 est,
2049 2943 2164 2972 aestus
2184 2934 2261 2971 sint

1206 2989 1331 3026 multo
1349 2989 1518 3026 minores
1536 2988 1654 3039 quam
1672 2990 1764 3026 hinc
1781 2988 1873 3025 inde
1891 2988 1932 3024 in
1949 2990 2054 3025 zonis
2069 2996 2258 3035 tempera-

1206 3041 1256 3078 tis
1275 3041 1343 3079 ubi
1360 3042 1483 3079 maria
1502 3041 1578 3080 late
1599 3050 1740 3090 patent,
1763 3050 1802 3079 et
1820 3042 1861 3078 in
1880 3042 1997 3078 maris
2019 3040 2177 3078 Pacifici
2195 3040 2259 3077 lit-

1209 3094 1358 3132 toribus
1377 3095 1458 3132 fere
1477 3095 1642 3146 singulis
1660 3104 1740 3134 tam
1756 3094 1999 3132 Americanis
2018 3095 2134 3144 quam
2159 3092 2259 3131 Sini-

1206 3147 1261 3185 cis
1280 3156 1318 3185 et
1335 3146 1438 3186 intra
1451 3151 1617 3197 tropicos
1635 3157 1673 3186 et
1691 3147 1809 3186 extra.
1875 3147 2111 3198 Contingere
2128 3155 2260 3184 tamen

1210 3208 1336 3249 potest
1367 3209 1411 3239 ut
1437 3210 1553 3239 aestus
1572 3202 1639 3252 qui
1668 3202 1708 3250 in
1727 3213 1870 3239 oceano
1888 3199 2092 3237 mediocris
2120 3208 2188 3246 est,
2217 3198 2262 3236 in

1207 3252 1335 3291 fluviis
1361 3254 1497 3292 evadat
1522 3252 1717 3292 maximus
1744 3261 1899 3302 propter
1916 3253 2098 3290 transitus
2115 3266 2262 3304 augus-

1207 3306 1280 3344 tias
1308 3306 1560 3358 littorumque
1588 3307 1744 3345 seorsim
1772 3305 1997 3344 co‘eluntium
2024 3318 2261 3357 convergen-

1212 3359 1318 3398 tiam.
1381 3361 1484 3399 Haec
1516 3361 1564 3398 de
1594 3361 1712 3397 maris
1740 3367 1834 3397 aestu
1861 3372 1931 3407 pro
1959 3360 2137 3408 praesenti
2159 3360 2263 3397 dicta

1210 3412 1311 3451 sint:
1350 3413 1399 3451 de
1431 3412 1504 3451 hac
1534 3411 1773 3451 nobilissima
1802 3414 1906 3463 inter
1938 3414 2113 3463 physicos
2137 3426 2260 3463 quaes—

1210 3466 1316 3504 tione
1334 3466 1503 3515 plurima
1527 3467 1568 3503 in
1602 3466 1778 3512 decursu,
1808 3465 1876 3504 ubi
1903 3477 2072 3505 recurret
2100 3468 2259 3511 occasio,

1212 3519 1483 3570 adjungemus.
1547 3520 1744 3557 Prolixius
1770 3519 1869 3557 foret
1896 3521 2073 3571 prosequi
2102 3521 2222 3558 factas
2239 3533 2264 3558 a

1213 3572 1517 3623 diligentissimis
1529 3572 1764 3621 philosophis
1779 3580 1942 3610 aestuum
1959 3574 2261 3619 observationes3

1214 3625 1395 3675 legantur
1412 3639 1500 3676 quae
1519 3627 1595 3662 huc
1610 3635 1648 3663 et
1666 3626 1760 3664 illuc
1774 3635 1858 3664 tum
1871 3627 1912 3664 in
1930 3628 2126 3665 Transact.
2143 3627 2265 3677 Angl.

118 3672 183 3711 dio
202 3675 302 3712 inter
321 3683 471 3724 puncta
500 3675 549 3719 Ε,
574 3675 625 3721 F,
642 3684 680 3713 et
706 3683 896 3725 punctum
919 3678 959 3715 D
979 3678 1020 3714 in
1038 3677 1169 3715 medio
1204 3687 1301 3716 >tum
1322 3678 1363 3715 in
1386 3679 1497 3716 Mon.
1523 3679 1642 3716 Paris.
1666 3680 1834 3728 dispersa
1854 3680 2114 3725 inveniuntur,
2135 3680 2200 3717 sed
2221 3692 2266 3716 ea

120 3725 220 3764 inter
247 3737 397 3776 puncta
415 3741 448 3773 e,
470 3728 498 3766 f.
560 3728 601 3765 Si
626 3740 696 3777 per
722 3729 975 3768 differentiam
995 3730 1165 3768 altitudi-

1219 3731 1430 3779 praesertim
1451 3745 1538 3781 quae
1558 3732 1697 3770 clariss.
1715 3733 1784 3770 viri
1815 3733 1999 3772 Halleius
2022 3735 2144 3771 Num.
2169 3737 2260 3771 226.

68 3816 74 3823 α
122 3790 216 3816 num
241 3781 273 3818 C
300 3783 350 3826 A,
391 3782 422 3819 C
446 3782 495 3826 Β,
525 3790 741 3830 exponatur
768 3783 961 3831 quantitas
987 3782 1101 3821 aestfis
1128 3783 1169 3819 in
1221 3785 1418 3822 Transact.
1444 3793 1482 3822 et
1506 3786 1687 3824 cassinus
1708 3786 1749 3823 in
1771 3787 1885 3825 Mon.
1912 3787 2033 3826 Paris.
2058 3799 2121 3825 an.
2148 3790 2261 3825 1712.

123 3832 219 3870 mari
236 3832 328 3871 satis
347 3834 545 3884 profundo
567 3835 725 3873 Terram
747 3841 865 3871 totam
883 3835 1075 3887 cingente,
1106 3849 1169 3874 ex·
1223 3840 1336 3876 1713.
1360 3837 1500 3888 scripta
1516 3839 1789 3893 reliquerunt-A

1154 3908 1175 3947 1
1194 3913 1220 3947 5
1612 3904 1614 3906 ’
