2528 4172
720 313 724 318 -
768 276 871 329 ET
911 274 1331 329 REFLUXUS
1375 273 1639 328 MARIS.
2156 279 2261 325 213

131 429 368 472 centrum
393 420 658 492 gravitatis
693 420 905 483 moveri,
946 420 1073 471 dum
1095 419 1198 472 hoc
1223 429 1459 472 centrum
1484 419 1621 470 circa
1644 417 1801 470 totius
1828 415 2116 486 systematis
2143 432 2262 465 cen-

124 522 262 564 trum
288 513 551 584 gravitatis
578 514 639 582 (²)
668 512 914 565 continue
940 513 1235 565 revolvitur.

200 604 537 665 Gravitatem,
578 603 775 654 caeteris
810 602 1039 672 paribuS,
1077 601 1522 672 proportionalem
1565 618 1676 653 esse
1714 598 1988 670 quantitati
2029 597 2259 649 materiae

125 691 307 744 solidae
347 694 592 762 corporis,
632 692 1013 745 accuratissima
1051 693 1237 744 docent
1273 692 1655 760 experimenta-3
1694 690 1951 759 idemque,
1992 706 2021 739 e
2058 687 2258 739 calculo

124 781 389 850 gravitatis
431 799 709 849 corporum
750 780 1037 832 coelestium
1081 781 1449 849 comprobatur
1466 800 1481 842 3
1539 779 1664 849 quin
1706 776 2010 849 gravitatem
2052 794 2258 846 quoque

128 869 272 937 sequi
297 869 552 920 rationem
576 857 806 920 materiae
832 870 1064 938 corporis
1090 867 1267 920 versus
1304 868 1446 939 quod
1483 868 1738 937 dirigitur,
1779 884 1846 917 ex
1869 865 2124 934 principio
2150 883 2256 916 me-

128 968 328 1010 morato
364 959 577 1028 aliisque
614 958 928 1029 argumentis
970 957 1243 1029 colligitur.
1323 956 1515 1009 Similis
1554 965 1630 1007 est
1666 954 1797 1005 ratio
1830 954 2046 1004 aliarum
2069 953 2256 1003 virium

120 1065 239 1116 quae
275 1046 330 1097 in
366 1045 548 1098 natura
575 1046 922 1098 dominantur.
998 1046 1156 1098 Lucis
1182 1045 1313 1097 radii
1340 1063 1422 1096 ex.
1450 1063 1528 1115 gr.
1556 1044 1720 1114 magis
1746 1041 2114 1112 refringuntur,
2156 1061 2256 1093 cae-

121 1135 241 1186 teris
276 1135 504 1203 paribus,
545 1133 648 1203 que
686 1134 923 1186 densiora
948 1144 1066 1186 sunt
1091 1152 1309 1202 corpora
1334 1152 1451 1202 quae
1478 1133 1783 1184 subintrant.
1862 1131 2046 1182 Terrae
2082 1141 2254 1199 partes

119 1223 296 1277 versus
335 1244 389 1276 se
425 1223 609 1276 mutue
646 1226 920 1295 gravitant,
958 1243 1065 1277 non
1100 1223 1278 1277 versus
1316 1225 1447 1276 illud·
1479 1234 1729 1293 punctum
1757 1224 1936 1275 fictum
1962 1223 2102 1292 quod
2136 1242 2255 1274 cen-

118 1323 259 1365 trum
286 1313 469 1365 Terrae
500 1313 849 1381 appellamus;
889 1314 1028 1384 quod
1054 1313 1173 1365 cum
1197 1313 1384 1365 rationi
1420 1324 1470 1365 et
1504 1314 1754 1384 analogiae
1779 1322 1978 1364 naturae
2004 1312 2067 1363 sit
2091 1313 2256 1363 maxi-

116 1402 201 1454 me
239 1413 665 1465 consentaneum,
703 1413 816 1454 tum
858 1402 1204 1471 pulcherrime
1241 1403 1576 1455 confirmatur
1618 1402 2010 1454 accuratissimis
2054 1402 2255 1470 experi-

119 1492 308 1543 mentis
336 1509 455 1561 quae
494 1492 549 1542 in
573 1492 770 1544 boreali
796 1492 1025 1563 Europae
1047 1504 1194 1562 parte
1218 1511 1386 1562 nuper
1409 1488 1742 1544 instituerunt
1764 1493 1861 1543 viri
1890 1492 2156 1544 clarissimi
2190 1512 2256 1544 ex

117 1582 404 1636 Academia
445 1583 610 1654 Regia
649 1584 942 1637 Parisiensi.
1020 1586 1192 1637 Causa
1226 1586 1491 1657 gravitatis
1530 1589 1890 1655 (quaecumque
1917 1585 2129 1637 demum
2165 1586 2250 1652 sit)

120 1673 223 1725 late
261 1674 591 1737 dominatur'3
632 1674 851 1746 cumque
877 1676 941 1728 sit
966 1677 1168 1729 diversa
1203 1677 1257 1728 in
1283 1676 1496 1729 diversis
1523 1676 1791 1738 distantiiS,
1830 1693 1935 1727 non
1963 1684 2040 1727 est
2063 1676 2254 1727 miran-

120 1765 263 1829 dum,
294 1768 402 1836 ejus
428 1768 532 1818 vim
556 1768 782 1836 pendere
808 1788 1013 1839 quoque
1040 1789 1070 1821 a
1093 1770 1450 1841 magnitudine
1474 1769 1610 1820 illius
1635 1770 1882 1837 corporis,
1911 1768 2088 1821 versus
2114 1769 2255 1839 quod

117 1854 218 1904 alia
251 1854 485 1923 impellit.
561 1857 805 1908 Fatemur
835 1857 940 1909 vim
976 1857 1112 1910 hanc
1139 1860 1346 1928 corpori
1377 1858 1592 1910 centrali
1624 1857 1906 1926 improprie
1933 1858 2122 1920 tribui3
2162 1877 2253 1910 ex·-

113 1945 259 2013 pedit
284 1945 494 2015 quidem
517 1946 779 1999 brevitatis
805 1948 968 2019 gratia
996 1949 1068 2000 sic
1093 1948 1253 2020 loqui,
1281 1949 1336 2000 id
1362 1959 1533 2001 autem
1557 1966 1711 2000 sensu
1735 1948 1952 2019 vulgari,
1990 1966 2098 2000 non
2131 1948 2252 2018 phi-

112 2037 380 2107 losophico
407 2049 484 2091 est
508 2040 915 2112 intelligendum.

187 2127 328 2178 Haec
352 2127 577 2179 breviter
602 2127 804 2181 tantum
827 2128 915 2181 hic
941 2129 1255 2201 attingimus.
1332 2129 1614 2180 Newtonus
1639 2126 1912 2198 postquam
1937 2128 2252 2183 definivisset

111 2216 218 2267 vim
259 2216 392 2268 Solis
432 2216 499 2267 ad
536 2236 692 2287 aquas
730 2218 1017 2270 turbandas
1055 2237 1125 2270 ex
1163 2217 1449 2270 differentia
1488 2217 1724 2269 diametri
1761 2218 2034 2288 aequatoris
2061 2228 2112 2270 et
2136 2220 2249 2271 axis

114 2304 296 2356 Terrae
335 2307 513 2374 (quam
549 2307 998 2374 approximatione
1034 2306 1257 2379 quadam
1294 2307 1385 2359 sue
1428 2308 1846 2379 investigaverat)
1886 2327 1982 2376 per
2018 2309 2250 2378 regulam

112 2408 321 2443 auream
359 2392 543 2461 quaerit
578 2393 807 2445 breviter
842 2412 1111 2447 ascensum
1148 2414 1297 2466 aquae
1327 2413 1394 2446 ex
1429 2394 1481 2446 vi
1521 2395 1654 2447 Solis
1681 2394 1973 2447 oriundum.
2050 2396 2250 2449 Verum

111 2482 343 2552 quamvis
369 2482 584 2534 elevatio
610 2502 775 2553 aquae,
804 2504 921 2555 quae
947 2485 1020 2538 sic
1043 2487 1234 2555 prodit,
1261 2505 1445 2556 parum
1473 2505 1504 2537 a
1527 2486 1647 2538 vera
1674 2486 1892 2548 differat,
1932 2485 2049 2540 elim
2075 2496 2249 2541 tamen

113 2572 442 2625 Problemata
476 2575 591 2626 haec
617 2575 719 2627 sint
744 2576 935 2628 diversi
966 2577 1187 2649 generis,
1229 2596 1450 2648 quorum
1483 2577 1627 2647 prius
1659 2577 1854 2646 pendet
1878 2597 1908 2629 a
1934 2578 2247 2648 quadratura

111 2664 302 2727 circuli,
341 2668 595 2734 posterius
630 2677 803 2719 autem
829 2688 859 2720 a
884 2668 1196 2739 quadratura
1222 2669 1524 2740 hyperbolae
1552 2689 1640 2722 seu
1665 2669 2004 2740 logarithmis,
2045 2680 2103 2722 ut
2124 2689 2246 2739 pos-

110 2752 192 2805 tea
227 2754 509 2808 videbimus
525 2777 539 2819 ;
581 2757 744 2826 sitque
783 2758 1054 2830 dubitandi
1088 2760 1231 2811 locus
1269 2778 1336 2811 an
1373 2779 1404 2811 a
1434 2760 1597 2829 priori
1623 2761 1689 2811 ad
1713 2762 2052 2828 posteriorem
2078 2762 2244 2813 eleva-

108 2841 300 2894 tionem
328 2843 789 2909 determinandam,
817 2846 1059 2899 transitus
1086 2846 1216 2899 adee
1238 2848 1408 2899 brevis
1436 2849 1500 2899 sit
1525 2849 1666 2898 omni
1692 2867 1756 2900 ex
1781 2858 1928 2917 parte
1965 2849 2238 2920 legitimus,

108 2931 191 2982 vel
227 2932 383 2983 etiam
409 2950 475 2983 an
500 2932 776 2985 methodus
813 2933 913 3004 qua
950 2935 1172 3006 figuram
1199 2935 1383 2987 Terrae
1411 2936 1715 2988 definiverat
1740 2937 1803 2988 sit
1828 2937 1948 2989 satis
1975 2948 2240 3000 accurata3

109 3018 327 3091 cumque
352 3022 484 3073 vires
512 3023 859 3074 subtilissimae
883 3034 1082 3075 motum
1108 3024 1262 3075 maris
1297 3024 1606 3092 producant,
1635 3044 1750 3094 quae
1775 3025 1945 3076 nullos
1973 3025 2099 3077 alios
2126 3044 2241 3077 sen-

109 3110 276 3161 sibiles
313 3111 473 3164 edunt
509 3112 736 3177 effectus,
779 3112 910 3165 adee
947 3123 1005 3165 ut
1044 3114 1298 3166 levissima
1323 3134 1541 3185 quaeque
1565 3117 1618 3166 in
1646 3115 1743 3166 hac
1769 3116 2123 3186 disquisitione
2147 3117 2239 3169 ali-

107 3198 250 3266 cujus
289 3201 536 3251 momenti
576 3220 684 3253 esse
719 3201 920 3270 possint
936 3221 950 3263 3
1000 3212 1277 3271 propterea
1314 3204 1600 3255 existimavi
1641 3222 1725 3255 me
1766 3204 2020 3257 facturum
2060 3223 2236 3274 operae

104 3288 359 3355 praetium,
399 3289 443 3340 si
477 3289 629 3341 aliam
665 3291 919 3359 aperirem
943 3292 1078 3343 viam
1104 3292 1204 3361 qua
1232 3293 1455 3344 calculus
1481 3294 1535 3344 in
1559 3292 1702 3345 hisce
1730 3294 2142 3348 Problematibus
2168 3316 2234 3350 ex

105 3381 345 3451 genuinis
369 3381 634 3451 principiis
660 3383 1037 3437 accuratissime
1062 3384 1258 3436 institui
1281 3385 1485 3454 poterit.

179 3469 482 3538 Repetenda
515 3471 770 3538 imprimis
808 3483 928 3525 sunt
962 3491 1128 3542 pauca
1164 3491 1231 3525 ex
1273 3474 1542 3535 Newton0‚
1589 3482 1769 3542 postea
1803 3475 1938 3526 viam
1978 3476 2232 3531 diversam

103 3574 392 3625 sequemur.
474 3558 552 3611 Sit
589 3559 637 3611 L
675 3560 846 3625 Luna,
886 3562 938 3614 T
976 3573 1211 3613 centrum
1251 3561 1449 3624 Terrae,
1498 3563 1544 3614 B
1568 3563 1604 3613 b
1646 3563 1860 3631 planum
1904 3575 2058 3618 rectae
2097 3567 2145 3620 L
2180 3569 2231 3619 T

155 3705 212 3759 (²)
237 3707 428 3755 Suspicari
446 3708 535 3747 licet
553 3709 720 3760 aliquam
739 3712 970 3762 obliquitatis
988 3713 1134 3762 eclipti-
1187 3713 1301 3752 oriri:
1333 3714 1477 3752 indicio
1497 3714 1566 3752 erit
1586 3716 1686 3755 hanc
1703 3729 1784 3755 esse
1801 3718 2043 3766 phaenomeni
2059 3731 2224 3763 causam,

101 3771 157 3796 cae
177 3760 433 3809 variationem,
457 3761 505 3799 de
531 3762 609 3812 qua
627 3776 752 3801 sermo
770 3773 826 3802 est
843 3766 947 3814 apud
966 3774 1135 3803 astrono-
1188 3767 1220 3804 si
1253 3767 1462 3806 constiterit
1492 3768 1599 3805 illam
1628 3770 1874 3808 variationem
1903 3772 2121 3821 analogiam
2148 3784 2225 3808 ser-

101 3824 194 3858 mOS,
234 3825 281 3851 ex
316 3822 426 3852 motu
461 3814 558 3852 Solis
587 3815 687 3854 circa
718 3824 893 3856 centrum
924 3819 1136 3867 systematis
1190 3832 1276 3858 vare
1294 3832 1382 3858 cum
1403 3829 1511 3859 motu
1530 3821 1639 3861 Jovis
1656 3823 1898 3873 plauietarum
1915 3824 2087 3863 maximi.
