2528 4172
668 835 1141 899 EDIToRIS
1199 834 1717 922 MONITUM.

141 1098 581 1186 INTELLEXIMUS
623 1127 874 1197 quosdam
917 1125 1142 1197 maligne
1185 1124 1513 1194 interpretari
1562 1122 1765 1174 notulas
1816 1141 1941 1191 quas
1992 1123 2270 1192 adjecimus

143 1214 539 1266 Commentariis
580 1215 624 1266 P
652 1216 712 1266 P.
742 1215 821 1266 Le
863 1216 993 1267 Seur
1017 1226 1067 1266 et
1092 1215 1350 1283 Jacquier,
1394 1213 1539 1283 quasi
1565 1212 1752 1280 saepius
1780 1210 2020 1263 Newtoni
2045 1223 2272 1264 mentem

137 1322 244 1355 non
281 1304 567 1375 attigissent
581 1324 595 1367 3
634 1323 699 1355 ne
734 1313 905 1355 autem
930 1305 1053 1373 ipsis
1080 1305 1204 1355 vitio
1230 1313 1458 1355 vertatur
1485 1301 1625 1372 quod
1651 1311 2015 1353 concesserunt
2039 1302 2106 1352 ob
2131 1303 2270 1370 ipso-

137 1412 253 1444 rum
293 1394 577 1445 absentiam
617 1395 682 1445 ab
725 1394 852 1445 urbe
892 1395 946 1444 in
986 1393 1086 1463 qua
1129 1394 1260 1445 liber
1305 1394 1568 1455 edebatur,
1612 1402 1670 1444 ut
1705 1411 1891 1461 nempe
1930 1411 2270 1463 quaecumque

136 1482 434 1532 viderentur
471 1482 792 1553 corrigenda,
834 1483 898 1533 ab
927 1482 1142 1533 Editore
1167 1482 1281 1550 ipso
1305 1489 1645 1543 mutarentur,
1675 1481 1781 1531 sive
1805 1481 1938 1531 levia
1964 1481 2068 1532 sive
2093 1482 2272 1551 gravia

136 1568 318 1631 forent,
347 1569 663 1620 monendum
687 1580 832 1638 puto,
871 1588 955 1621 me
983 1570 1243 1621 Autorum
1268 1570 1599 1640 deligentiam
1625 1578 1675 1620 et
1701 1570 1991 1621 doctrinam
2016 1589 2272 1640 nusquam

137 1659 468 1722 desiderasse,
511 1661 852 1711 correctiones
892 1680 1017 1730 quas
1043 1660 1140 1712 feci
1163 1661 1408 1712 levissimi
1434 1680 1543 1712 esse
1576 1661 1842 1723 momenti,
1885 1680 1982 1712 nec
2009 1680 2119 1713 esse
2143 1661 2269 1712 tales

134 1756 193 1797 ut
226 1757 439 1815 propter
472 1747 608 1815 ipsas
636 1748 918 1819 quidquam
944 1768 1009 1800 ex
1035 1749 1206 1801 debita
1234 1750 1521 1801 Autoribus
1548 1750 1709 1821 gloria
1739 1751 1948 1800 tollatur
1976 1751 2116 1820 quod
2139 1769 2271 1802 meae

136 1837 319 1905 opellae
361 1837 633 1900 tribuatur,
681 1849 731 1890 et
775 1840 1018 1891 asterisco
1060 1849 1262 1892 notatas
1303 1839 1474 1902 fuisse,
1520 1859 1626 1891 non
1677 1840 1818 1910 quod
1861 1841 2057 1909 aliquid
2104 1840 2270 1891 laudis

137 1931 323 1982 exinde
361 1932 687 1999 speraverim,
729 1933 820 1984 sed
845 1933 964 2003 quia
990 1933 1033 1984 si
1056 1934 1162 1985 illic
1187 1933 1382 2003 aliquid
1413 1933 1524 1984 vitii
1555 1934 1836 2002 irrepserit,
1879 1952 2085 2003 aequum
2114 1943 2190 1984 est
2214 1943 2272 1985 ut

136 2022 192 2072 in
219 2022 504 2085 Editorem,
547 2041 653 2074 non
677 2023 731 2074 in
758 2024 984 2075 Autores
1012 2042 1071 2075 ea
1098 2024 1251 2092 culpa
1276 2023 1618 2075 transferatur
1632 2043 1646 2085 3
1685 2043 1750 2074 ne
1788 2023 2039 2074 similibus
2068 2023 2270 2074 cavilla-

136 2109 360 2160 tionibus
387 2109 588 2173 occasio
611 2110 665 2161 in
688 2121 953 2179 posterum
988 2111 1153 2174 detur,
1182 2111 1308 2162 tales
1336 2111 1680 2162 distinctionis
1705 2112 1900 2163 notulae
1926 2130 2032 2161 non
2058 2111 2271 2162 adhibe-

136 2198 331 2249 buntur
356 2198 410 2248 in
437 2198 659 2250 secunda
685 2199 837 2268 hujus
858 2199 1151 2251 Voluminis
1176 2208 1339 2268 parte,
1369 2199 1422 2249 in
1444 2199 1838 2268 qua‘speramus
1866 2199 2086 2250 calculos
2110 2199 2271 2250 NEW-

137 2307 413 2342 'roNIANos
450 2290 587 2342 circa
631 2291 839 2343 Lunam
879 2291 1207 2361 potissimum
1243 2290 1367 2345 satis
1403 2290 1685 2354 intricatos,
1737 2290 1792 2341 in
1829 2304 2061 2360 apertam
2101 2290 2271 2342 lucem

137 2378 433 2448 expositum
455 2377 535 2429 iri.

1187 3083 1270 3122 A‘l
