2528 4172
95 236 280 291 mez
300 236 598 302 Tannus]
636 242 642 246 “
677 236 1080 289 PRINCIPIA
1121 235 1737 288 MATHEMATICA.
2156 244 2222 287 93

94 379 282 449 saepius
308 380 375 431 ad
399 380 574 432 littora
597 380 764 449 spatio
784 379 1030 431 horarum
1056 379 1212 431 trium
1237 379 1454 441 circiter,
1482 379 1563 431 vel
1589 379 1742 432 etiam
1767 377 1994 448 plurium
2020 378 2062 430 si
2087 396 2227 429 mare

94 469 161 521 sit
183 469 449 521 vadosum.

166 559 230 629 (h)
261 560 441 612 Motus
467 570 639 612 autem
663 560 788 623 bini,
817 579 946 630 quos
973 560 1248 611 luminaria
1271 560 1377 611 duo
1403 560 1646 622 excitant,
1687 577 1794 611 non
1820 568 2098 612 cernentur
2123 559 2228 610 dis-

92 650 270 712 tincte,
312 651 403 702 sed
437 661 637 701 motum
675 651 933 720 quendam
971 651 1193 701 mixtum
1218 650 1454 703 efficient.
1532 651 1596 702 In
1626 651 1957 703 luminarium
1985 652 2228 720 conjunc-

9 774 13 777 »
90 740 230 791 tione
256 739 337 791 vel
363 739 688 808 oppositione
708 741 1086 810 conjungentur
1104 759 1285 792 eorum
1304 740 1528 803 effectus„
1548 750 1599 792 et
1618 752 1957 810 componetur
1984 741 2035 810 (i)
2056 743 2227 793 fluxus

90 839 143 881 et
166 831 393 882 refluxus
418 831 688 882 maximus.
766 831 831 882 In
857 830 1182 901 quadraturis
1213 831 1303 883 Sol
1328 831 1526 882 attollet
1550 850 1737 902 aquam
1760 833 1851 884 ubi
1877 833 2031 885 Luna
2055 832 2227 901 depri-

89 919 199 981 mit,
228 918 583 988 deprimetque
609 919 697 971 ubi
725 919 877 970 Luna
902 919 1087 972 attollit
1101 939 1116 981 3
1152 930 1202 970 et
1227 938 1293 970 ex
1318 919 1593 972 effectuum
1620 920 1909 973 differentia
1937 931 2092 973 aestus
2120 940 2227 973 om·

88 1011 232 1062 nium
269 1010 512 1062 minimus
549 1010 758 1062 orietur.
837 1010 908 1061 Et
945 1010 1204 1081 quoniam,
1245 1010 1562 1080 experientia
1601 1020 1747 1073 teste,
1786 1013 1952 1081 major
1976 1024 2052 1063 est
2077 1012 2228 1063 effec-

88 1109 169 1151 tus
209 1099 376 1151 Lunae
414 1096 570 1168 quam
611 1098 762 1161 Solis,
803 1099 997 1150 incidet
1034 1118 1182 1169 aquae
1219 1100 1446 1150 maxima
1484 1099 1700 1152 altitudo
1735 1100 1790 1151 in
1815 1100 2000 1152 horam
2025 1102 2228 1152 tertiam

86 1190 321 1242 lunarem
365 1191 582 1242 circiter.
660 1191 825 1242 Extra
870 1191 1101 1262 syzygias
1144 1200 1195 1241 et
1238 1190 1594 1259 quadraturas,
1640 1200 1794 1242 aestus
1841 1191 2099 1242 maximus
2141 1191 2228 1261 qui

89 1278 197 1330 sola
234 1278 285 1329 vi
333 1277 501 1329 lunari
545 1278 771 1330 incidere
809 1296 1012 1347 semper
1051 1278 1263 1329 deberet
1310 1278 1364 1330 in
1413 1277 1598 1329 horam
1635 1278 1841 1331 tertiam
1883 1279 2136 1341 lunarem,
2178 1289 2229 1332 et

88 1365 195 1420 sola
234 1366 389 1418 solari
425 1367 480 1418 in
516 1367 721 1419 tertiam
758 1367 993 1429 solarem,
1036 1366 1334 1435 compositis
1368 1366 1561 1418 viribus
1599 1367 1793 1419 incidet
1826 1367 1881 1418 in
1906 1378 2110 1436 tempus
2136 1368 2228 1419 ali-

89 1457 230 1527 quod
254 1456 619 1510 intermedium
645 1456 785 1526 quod
808 1457 975 1508 tertiae
1001 1456 1172 1508 lunari
1194 1456 1535 1525 propinquius
1563 1466 1640 1508 est
1655 1475 1668 1517 ;
1706 1456 1928 1525 ideoque
1961 1457 2014 1507 in
2041 1457 2228 1508 transi-

87 1555 144 1596 tu
182 1544 351 1596 Lunae
387 1563 418 1595 a
454 1544 673 1614 syzygiis
712 1544 778 1595 ad
815 1543 1172 1613 quadraturas,
1199 1543 1290 1595 ubi
1315 1543 1445 1594 hora
1469 1542 1619 1594 tertia
1647 1543 1827 1594 solaris
1852 1544 2101 1612 praecedit
2127 1555 2229 1596 ter-

88 1633 211 1687 tiam
245 1633 494 1695 lunarem,
533 1632 758 1685 maxima
796 1652 944 1703 aquae
981 1632 1200 1685 altitudo
1237 1632 1501 1701 praecedet
1533 1633 1688 1686 etiam
1726 1634 1932 1684 tertiam
1972 1634 2225 1696 lunarem,

88 1722 246 1791 idque
272 1721 500 1772 maximo
536 1720 811 1772 intervallo
844 1721 1001 1791 paulo
1025 1731 1145 1789 post
1168 1731 1399 1773 octantes
1427 1721 1611 1783 Lunae,
1641 1731 1693 1773 et
1716 1722 1927 1789 paribus
1953 1722 2229 1773 intervallis

93 1820 247 1865 aestus
271 1811 529 1864 maximus
556 1822 797 1882 sequetur
821 1811 1004 1865 horam
1028 1812 1233 1863 tertiam
1269 1811 1504 1862 lunarem
1530 1811 1584 1861 in
1607 1813 1827 1863 transitu
1853 1812 2022 1864 Lunae
2049 1832 2079 1862 a
2105 1831 2229 1881 qua-

92 1904 314 1955 draturis
339 1904 405 1955 ad
432 1904 684 1975 syzygias.
763 1903 901 1955 Haec
925 1902 996 1955 ita
1021 1915 1140 1954 sunt
1164 1903 1218 1952 in
1243 1902 1375 1954 mari
1398 1911 1592 1971 aperto.
1670 1901 1808 1954 Nam
1835 1901 1889 1953 in
1915 1902 2055 1954 ostiis
2081 1903 2230 1953 fluvi-

90 2012 242 2045 orum
267 1994 437 2045 fluxus
462 1995 681 2063 majores
708 1994 907 2044 caeteris
932 1993 1142 2062 paribus
1168 1993 1363 2044 tardius
1390 1992 1456 2043 ad
1482 1998 1623 2054 ἀκμὴν
1647 1994 1869 2046 venient.

6 2142 11 2154 ι
165 2082 404 2133 Pendent
439 2092 607 2133 autem
649 2081 858 2132 effectus
895 2081 1225 2134 luminarium
1251 2099 1317 2132 ex
1346 2100 1527 2133 eorum
1566 2081 1819 2134 distantiis
1846 2102 1877 2134 a
1903 2082 2085 2134 Terra.
2165 2082 2228 2133 In

0 2163 39 2215 ³*-
90 2172 375 2226 minoribus
413 2172 550 2225 enim
587 2171 840 2224 distantiis
878 2173 1096 2241 majores
1124 2180 1243 2223 sunt
1267 2190 1447 2224 eorum
1474 2171 1701 2235 effectus,
1740 2173 1796 2223 in
1820 2172 2101 2241 majoribus
2127 2172 2223 2222 mi-

90 2279 260 2324 noreS,
301 2260 456 2330 idque
496 2259 558 2329 (¹¹)
603 2260 657 2310 in
695 2259 951 2329 triplicata
988 2261 1187 2312 ratione
1213 2259 1585 2312 diametrorum
1609 2261 1985 2329 apparentium.
2062 2260 2230 2329 Igitur

0 2362 19 2422 {¹3
93 2350 185 2403 Sol
209 2359 445 2417 tempore
467 2348 719 2418 hybernO,
749 2348 803 2398 in
827 2342 1056 2419 perigaeo
1073 2349 1314 2412 existenS,
1336 2350 1557 2419 majores
1584 2349 1692 2401 edit
1717 2349 1945 2412 effectUS,
1975 2348 2229 2418 efficitque

90 2450 147 2492 ut
170 2451 325 2492 aestus
350 2441 405 2491 in
431 2440 648 2512 syzygiis
678 2439 731 2505 (¹)
753 2438 909 2508 paulo
929 2441 1148 2510 majores
1168 2440 1286 2503 sint,
1316 2451 1367 2491 et
1391 2440 1444 2490 in
1471 2422 1797 2509 quadraturis
1821 2438 1979 2507 paulo
2004 2439 2229 2489 minores

0 2546 22 2595 ᾗ
93 2530 311 2598 (caeteris
353 2529 584 2598 paribus)
631 2527 785 2599 quam
829 2539 1065 2598 tempore
1109 2529 1323 2590 aestivo3
1377 2538 1427 2580 et
1467 2529 1622 2580 Luna
1657 2529 1712 2579 in
1747 2529 1977 2599 perigaeo
2015 2528 2228 2599 singulis

94 2618 355 2669 mensibus
393 2618 611 2687 majores
649 2617 749 2669 ciet
785 2627 938 2668 aestus
977 2616 1132 2687 quam
1169 2616 1287 2668 ante
1314 2616 1395 2668 vel
1426 2626 1547 2685 post
1571 2617 1680 2668 dies
1708 2617 2018 2687 quindecim,
2059 2618 2149 2668 ubi
2176 2618 2229 2668 in

93 2723 315 2777 apogaeo
340 2717 589 2757 versatur.
666 2706 743 2774 (¹¹¹)
774 2705 933 2757 Unde
960 2704 1018 2757 fit
1042 2714 1100 2756 ut
1124 2716 1277 2759 aestus
1304 2705 1434 2757 duos
1460 2706 1672 2757 omnino
1696 2706 1911 2759 maximi
1935 2706 1989 2758 in
2010 2707 2228 2777 syzygiis

93 2798 347 2850 continuis
373 2816 427 2849 se
453 2808 633 2848 mutuo
658 2815 765 2847 non
791 2808 1083 2866 sequantur.

168 2890 370 2942 Pendet
408 2891 562 2941 etiam
600 2888 808 2940 effectus
848 2888 1114 2957 utriusque
1149 2887 1415 2947 luminaris
1453 2904 1522 2939 ex
1559 2886 1719 2955 ipsius
1758 2885 2104 2938 declinatione
2141 2906 2229 2938 seu

91 2978 331 3033 distantia
359 2980 424 3031 ab
449 2989 730 3050 aequatore.
807 2978 945 3030 Nam
972 2977 1014 3029 si
1039 2977 1291 3029 luminare
1321 2977 1375 3028 in
1400 2977 1523 3047 polo
1550 2978 1962 3040 constitueretur,
2003 2977 2230 3028 traheret

92 3068 222 3119 illud
258 3069 483 3141 singulas
521 3087 669 3138 aquae
704 3079 876 3138 partes
916 3077 1227 3133 constanter,
1270 3068 1381 3121 sine
1418 3068 1634 3119 actionis
1660 3069 1948 3120 intensione
1974 3079 2025 3119 et
2049 3069 2228 3119 remis-

97 3156 256 3220 sione,
294 3158 514 3227 ideoque
550 3157 747 3208 nullam
787 3156 960 3208 motus
998 3156 1459 3224 reciprocationem
1500 3156 1671 3207 cieret.
1749 3156 1918 3226 Igitur
1956 3155 2229 3210 luminaria

149 3280 209 3332 (¹¹)
241 3282 264 3303 ⁸⁸
298 3282 429 3321 Motus
457 3290 585 3321 autem
616 3283 709 3322 bini.
772 3279 1132 3331 ¹Quemadmodum
1240 3279 1299 3332 (Κ)
1322 3283 1343 3305 *
1364 3282 1417 3319 In
1437 3278 1626 3330 triplicat&
1644 3281 1790 3319 ratione
1808 3282 2082 3321 diametrorum
2111 3282 2223 3334 (Cor.

94 3345 234 3381 corpus
260 3333 419 3383 quodvis
444 3334 590 3383 duplici
617 3335 655 3372 vi
682 3334 928 3372 sollicitatum
954 3333 995 3370 in
1023 3332 1133 3370 lineis
1190 3336 1250 3371 14.
1278 3333 1394 3381 Prop.
1421 3333 1585 3371 LXVI.
1615 3333 1702 3370 Lib.
1730 3332 1801 3381 1.).

94 3386 247 3424 duabus
277 3387 454 3436 progredi
480 3388 623 3437 nequit,
653 3387 720 3425 sed
748 3387 963 3439 conjunctis
989 3386 1134 3423 viribus
1241 3385 1289 3437 (¹)
1311 3389 1332 3410 ²*
1356 3385 1482 3424 Paulo
1500 3386 1661 3435 majores
1679 3388 1767 3429 sint,
1796 3387 1846 3423 ob
1872 3386 2056 3437 majorem
2085 3387 2226 3426 virium

93 3438 441 3488 parallelogrammi
469 3439 712 3491 diagonalem
749 3440 885 3477 eodem
920 3439 1036 3476 modo
1065 3438 1131 3476 de·
1184 3451 1378 3477 summam
1392 3447 1430 3477 et
1447 3439 1488 3475 in
1506 3438 1747 3487 quadraturis
1765 3437 1882 3488 paulo
1899 3441 2068 3478 minores
2085 3443 2135 3480 ob
2153 3441 2228 3478 mi-

94 3491 224 3529 scribit
242 3504 286 3528 ac
306 3491 336 3529 si
356 3490 471 3530 unica
483 3492 519 3529 vi
533 3492 646 3543 juxta
659 3492 872 3544 diagonalis
885 3492 1132 3530 directionem
1187 3503 1322 3529 norem
1340 3491 1479 3529 virium
1497 3490 1753 3529 differentiam
1770 3490 1888 3541 quam
1903 3500 2073 3542 tempore
2088 3495 2231 3533 aestivo.

94 3551 297 3595 urgeretur
319 3545 401 3595 (41.
420 3544 507 3582 Lib.
534 3545 591 3593 Ι.)
612 3544 666 3583 ὴὲ
692 3553 820 3583 motus
845 3546 927 3583 bini
944 3557 1042 3595 quos
1072 3545 1133 3581 lu·
1241 3543 1308 3595 (¹¹¹)
1331 3547 1352 3569 ’Β
1383 3543 1492 3583 Unde}
1511 3546 1567 3601 fit
1593 3552 1638 3583 ut
1669 3552 1796 3584 cestus.
1859 3546 1899 3583 Si
1925 3547 2030 3584 enim
2053 3546 2170 3585 Luna
2187 3549 2230 3584 in

94 3597 255 3635 minaria
285 3598 368 3636 haec
400 3596 479 3635 duo
510 3597 677 3635 excitant
710 3610 788 3635 nou
819 3606 1025 3636 cernentur
1055 3597 1132 3635 dis-
1186 3597 1429 3647 syzygiarum
1447 3596 1565 3634 altera
1579 3597 1629 3635 sit
1646 3597 1747 3635 circa
1765 3598 1989 3650 perigaeum,
2015 3608 2231 3650 aestumque

95 3648 229 3697 fincte,
281 3650 348 3687 sed
397 3657 548 3689 motum
589 3650 795 3701 quemdam
840 3651 1007 3689 mixtum
1052 3650 1134 3689 effi·
1187 3650 1402 3687 maximum
1438 3650 1651 3699 conjunctis
1694 3663 1786 3688 cum
1834 3651 1921 3690 Sole
1956 3653 2101 3690 viribus
2136 3662 2231 3691 tunc

95 3700 209 3740 cient.
1186 3701 1369 3750 temporis
1388 3702 1538 3749 excitet,
1568 3716 1719 3742 necesse
1737 3712 1795 3743 est
1811 3713 1858 3743 ut
1878 3705 1917 3741 in
1937 3706 2058 3744 altera
2075 3705 2232 3757 syzygia

124 3754 201 3815 ,(1)
223 3758 244 3781 ὓ
266 3758 417 3797 Fluctus
445 3763 481 3794 et
506 3758 678 3808 refluxus
704 3757 904 3802 maan'mus,
932 3763 978 3795 ut
997 3755 1087 3806 pote
1113 3768 1135 3794 e
1187 3763 1357 3793 versetur
1388 3753 1489 3794 circa
1520 3768 1724 3808 apogaeum
1759 3757 2004 3810 minoresque
2033 3761 2132 3798 vires
2163 3762 2230 3797 ob·

99 3818 235 3845 vmum
255 3809 408 3847 summa
427 3816 511 3848 tum
531 3809 712 3858 temporis
730 3808 928 3847 oriundus.
1189 3807 1318 3845 tineat.

156 3878 255 3919 Vot..
282 3879 368 3919 111.
1160 3879 1180 3916 Ι
