<?xml version="1.0" encoding="UTF-8"?>
<!DOCTYPE html PUBLIC "-//W3C//DTD XHTML 1.0 Transitional//EN"
    "http://www.w3.org/TR/xhtml1/DTD/xhtml1-transitional.dtd">
<html xmlns="http://www.w3.org/1999/xhtml" xml:lang="en" lang="en">
 <head>
  <title>
</title>
<meta http-equiv="Content-Type" content="text/html;charset=utf-8" />
  <meta name='ocr-system' content='tesseract 3.04.00' />
  <meta name='ocr-capabilities' content='ocr_page ocr_carea ocr_par ocr_line ocrx_word'/>
</head>
<body>
  <div class='ocr_page' id='page_1' title='image "./philonatrualprin03newtrich_0083.png"; bbox 0 0 2528 4172; ppageno 0'>
   <div class='ocr_carea' id='block_1_1' title="bbox 0 285 14 356">
    <p class='ocr_par' dir='ltr' id='par_1_1' title="bbox 0 285 14 356">
     <span class='ocr_line' id='line_1_1' title="bbox 0 285 14 345; baseline 0 0"><span class='ocrx_word' id='word_1_1' title='bbox 0 285 14 345; x_wconf 69' lang='grc' dir='ltr'>ἓ]</span> 
     </span>
     <span class='ocr_line' id='line_1_2' title="bbox 0 348 7 356; baseline 0 -5"><span class='ocrx_word' id='word_1_2' title='bbox 0 348 7 356; x_wconf 31' lang='grc' dir='ltr'><strong>Γ</strong></span> 
     </span>
    </p>
   </div>
   <div class='ocr_carea' id='block_1_2' title="bbox 149 262 2287 331">
    <p class='ocr_par' dir='ltr' id='par_1_2' title="bbox 149 262 2287 331">
     <span class='ocr_line' id='line_1_3' title="bbox 149 262 2287 331; baseline -0.005 -9"><span class='ocrx_word' id='word_1_3' title='bbox 149 271 335 323; x_wconf 64' lang='lat' dir='ltr'>Luam</span> <span class='ocrx_word' id='word_1_4' title='bbox 362 268 661 331; x_wconf 80' lang='lat' dir='ltr'>TERT1Us.]</span> <span class='ocrx_word' id='word_1_5' title='bbox 740 264 1144 325; x_wconf 85' lang='lat' dir='ltr'>PRINCIPIA</span> <span class='ocrx_word' id='word_1_6' title='bbox 1183 262 1803 316; x_wconf 86' lang='lat' dir='ltr'>MATHEMATICA.</span> <span class='ocrx_word' id='word_1_7' title='bbox 2222 272 2287 319; x_wconf 85' lang='lat'>35</span> 
     </span>
    </p>
   </div>
   <div class='ocr_carea' id='block_1_3' title="bbox 136 409 2319 1285">
    <p class='ocr_par' dir='ltr' id='par_1_3' title="bbox 141 409 2290 748">
     <span class='ocr_line' id='line_1_4' title="bbox 147 409 2289 483; baseline -0.002 -18"><span class='ocrx_word' id='word_1_8' title='bbox 147 414 424 483; x_wconf 85' lang='lat' dir='ltr'>majoribus</span> <span class='ocrx_word' id='word_1_9' title='bbox 445 413 699 464; x_wconf 85' lang='lat' dir='ltr'>distantiis</span> <span class='ocrx_word' id='word_1_10' title='bbox 719 409 957 463; x_wconf 74' lang='lat' dir='ltr'>accurate</span> <span class='ocrx_word' id='word_1_11' title='bbox 978 410 1249 472; x_wconf 82' lang='lat' dir='ltr'>obtineret,</span> <span class='ocrx_word' id='word_1_12' title='bbox 1276 428 1441 478; x_wconf 84' lang='lat' dir='ltr'>prope</span> <span class='ocrx_word' id='word_1_13' title='bbox 1468 410 1796 478; x_wconf 89' lang='lat' dir='ltr'>superficiem</span> <span class='ocrx_word' id='word_1_14' title='bbox 1821 409 2043 477; x_wconf 82' lang='lat' dir='ltr'>planetae</span> <span class='ocrx_word' id='word_1_15' title='bbox 2069 409 2138 460; x_wconf 91' lang='lat' dir='ltr'>ob</span> <span class='ocrx_word' id='word_1_16' title='bbox 2163 409 2289 461; x_wconf 84' lang='lat' dir='ltr'>inae-</span> 
     </span>
     <span class='ocr_line' id='line_1_5' title="bbox 141 497 2287 573; baseline -0.002 -19"><span class='ocrx_word' id='word_1_17' title='bbox 141 503 316 573; x_wconf 87' lang='lat' dir='ltr'>quales</span> <span class='ocrx_word' id='word_1_18' title='bbox 366 501 738 572; x_wconf 88' lang='lat' dir='ltr'>particularum</span> <span class='ocrx_word' id='word_1_19' title='bbox 788 499 1055 550; x_wconf 81' lang='lat' dir='ltr'>distantias</span> <span class='ocrx_word' id='word_1_20' title='bbox 1106 508 1157 549; x_wconf 91' lang='lat' dir='ltr'>et</span> <span class='ocrx_word' id='word_1_21' title='bbox 1209 497 1350 548; x_wconf 83' lang='lat' dir='ltr'>situs</span> <span class='ocrx_word' id='word_1_22' title='bbox 1387 498 1676 561; x_wconf 83' lang='lat' dir='ltr'>dissimileS,</span> <span class='ocrx_word' id='word_1_23' title='bbox 1731 499 2026 549; x_wconf 80' lang='lat' dir='ltr'>notabiliter</span> <span class='ocrx_word' id='word_1_24' title='bbox 2078 508 2287 550; x_wconf 88' lang='lat' dir='ltr'>erraret.</span> 
     </span>
     <span class='ocr_line' id='line_1_6' title="bbox 143 588 2290 659; baseline -0.003 -14"><span class='ocrx_word' id='word_1_25' title='bbox 143 594 380 645; x_wconf 82' lang='lat' dir='ltr'>Tandem</span> <span class='ocrx_word' id='word_1_26' title='bbox 408 591 547 654; x_wconf 73' lang='lat' dir='ltr'>vero,</span> <span class='ocrx_word' id='word_1_27' title='bbox 578 590 637 659; x_wconf 79' lang='lat' dir='ltr'>(f)</span> <span class='ocrx_word' id='word_1_28' title='bbox 664 609 758 658; x_wconf 92' lang='lat' dir='ltr'>per</span> <span class='ocrx_word' id='word_1_29' title='bbox 787 590 945 658; x_wconf 91' lang='lat' dir='ltr'>Prop.</span> <span class='ocrx_word' id='word_1_30' title='bbox 970 588 1206 639; x_wconf 91' lang='lat' dir='ltr'>LXXV.</span> <span class='ocrx_word' id='word_1_31' title='bbox 1235 597 1286 639; x_wconf 90' lang='lat' dir='ltr'>et</span> <span class='ocrx_word' id='word_1_32' title='bbox 1312 588 1583 639; x_wconf 90' lang='lat' dir='ltr'>LXXVI.</span> <span class='ocrx_word' id='word_1_33' title='bbox 1614 589 1763 640; x_wconf 84' lang='lat' dir='ltr'>Libri</span> <span class='ocrx_word' id='word_1_34' title='bbox 1788 588 1944 657; x_wconf 91' lang='lat' dir='ltr'>primi</span> <span class='ocrx_word' id='word_1_35' title='bbox 1971 598 2021 639; x_wconf 91' lang='lat' dir='ltr'>et</span> <span class='ocrx_word' id='word_1_36' title='bbox 2058 589 2290 657; x_wconf 87' lang='lat' dir='ltr'>ipsarum</span> 
     </span>
     <span class='ocr_line' id='line_1_7' title="bbox 148 676 1962 748; baseline -0.003 -16"><span class='ocrx_word' id='word_1_37' title='bbox 148 681 453 743; x_wconf 85' lang='lat' dir='ltr'>Corollaria,</span> <span class='ocrx_word' id='word_1_38' title='bbox 482 678 714 730; x_wconf 79' lang='lat' dir='ltr'>intellexi</span> <span class='ocrx_word' id='word_1_39' title='bbox 739 678 1008 729; x_wconf 88' lang='lat' dir='ltr'>veritatem</span> <span class='ocrx_word' id='word_1_40' title='bbox 1038 676 1416 745; x_wconf 89' lang='lat' dir='ltr'>Propositionis</span> <span class='ocrx_word' id='word_1_41' title='bbox 1444 676 1509 726; x_wconf 89' lang='lat' dir='ltr'>de</span> <span class='ocrx_word' id='word_1_42' title='bbox 1537 676 1636 745; x_wconf 68' lang='lat' dir='ltr'>qua</span> <span class='ocrx_word' id='word_1_43' title='bbox 1663 677 1749 728; x_wconf 85' lang='lat' dir='ltr'>hic</span> <span class='ocrx_word' id='word_1_44' title='bbox 1777 678 1962 748; x_wconf 81' lang='lat' dir='ltr'>agitur.</span> 
     </span>
    </p>

    <p class='ocr_par' dir='ltr' id='par_1_4' title="bbox 136 772 2319 1285">
     <span class='ocr_line' id='line_1_8' title="bbox 216 772 456 823; baseline -0.017 0"><span class='ocrx_word' id='word_1_45' title='bbox 216 772 378 823; x_wconf 83' lang='lat' dir='ltr'>Corol.</span> <span class='ocrx_word' id='word_1_46' title='bbox 411 777 456 820; x_wconf 91' lang='lat'>1.</span> 
     </span>
     <span class='ocr_line' id='line_1_9' title="bbox 139 858 918 927; baseline -0.004 -16"><span class='ocrx_word' id='word_1_47' title='bbox 139 878 258 911; x_wconf 89' lang='lat' dir='ltr'>rum</span> <span class='ocrx_word' id='word_1_48' title='bbox 295 859 350 909; x_wconf 92' lang='lat' dir='ltr'>in</span> <span class='ocrx_word' id='word_1_49' title='bbox 394 859 623 910; x_wconf 89' lang='lat' dir='ltr'>diversos</span> <span class='ocrx_word' id='word_1_50' title='bbox 667 858 918 927; x_wconf 78' lang='lat' dir='ltr'>planetas,</span> 
     </span>
     <span class='ocr_line' id='line_1_10' title="bbox 137 946 2286 1017; baseline 0.001 -18"><span class='ocrx_word' id='word_1_51' title='bbox 137 948 370 1017; x_wconf 86' lang='lat' dir='ltr'>planetas</span> <span class='ocrx_word' id='word_1_52' title='bbox 408 948 463 998; x_wconf 91' lang='lat' dir='ltr'>in</span> <span class='ocrx_word' id='word_1_53' title='bbox 500 947 702 999; x_wconf 86' lang='lat' dir='ltr'>circulis</span> <span class='ocrx_word' id='word_1_54' title='bbox 740 946 1116 998; x_wconf 87' lang='lat' dir='ltr'>revolventium</span> <span class='ocrx_word' id='word_1_55' title='bbox 1153 956 1274 997; x_wconf 90' lang='lat' dir='ltr'>sunt</span> <span class='ocrx_word' id='word_1_56' title='bbox 1312 950 1428 1015; x_wconf 93' lang='lat' dir='ltr'>(per</span> <span class='ocrx_word' id='word_1_57' title='bbox 1469 947 1646 998; x_wconf 90' lang='lat' dir='ltr'>Corol.</span> <span class='ocrx_word' id='word_1_58' title='bbox 1676 954 1724 999; x_wconf 80' lang='lat'>2.</span> <span class='ocrx_word' id='word_1_59' title='bbox 1757 948 1915 1017; x_wconf 87' lang='lat' dir='ltr'>Prop.</span> <span class='ocrx_word' id='word_1_60' title='bbox 1946 950 2041 1001; x_wconf 91' lang='lat' dir='ltr'>IV.</span> <span class='ocrx_word' id='word_1_61' title='bbox 2071 951 2188 1003; x_wconf 93' lang='lat' dir='ltr'>Lib.</span> <span class='ocrx_word' id='word_1_62' title='bbox 2219 951 2286 1017; x_wconf 87' lang='lat' dir='ltr'>I.)</span> 
     </span>
     <span class='ocr_line' id='line_1_11' title="bbox 137 1033 2289 1104; baseline 0.001 -18"><span class='ocrx_word' id='word_1_63' title='bbox 137 1045 197 1086; x_wconf 94' lang='lat' dir='ltr'>ut</span> <span class='ocrx_word' id='word_1_64' title='bbox 221 1035 460 1086; x_wconf 89' lang='lat' dir='ltr'>diametri</span> <span class='ocrx_word' id='word_1_65' title='bbox 498 1034 813 1086; x_wconf 88' lang='lat' dir='ltr'>circulorum</span> <span class='ocrx_word' id='word_1_66' title='bbox 850 1033 1044 1085; x_wconf 76' lang='lat' dir='ltr'>directe</span> <span class='ocrx_word' id='word_1_67' title='bbox 1082 1043 1133 1085; x_wconf 90' lang='lat' dir='ltr'>et</span> <span class='ocrx_word' id='word_1_68' title='bbox 1159 1033 1410 1103; x_wconf 88' lang='lat' dir='ltr'>quadrata</span> <span class='ocrx_word' id='word_1_69' title='bbox 1446 1043 1741 1103; x_wconf 91' lang='lat' dir='ltr'>temporum</span> <span class='ocrx_word' id='word_1_70' title='bbox 1783 1036 2171 1104; x_wconf 88' lang='lat' dir='ltr'>periodicorum</span> <span class='ocrx_word' id='word_1_71' title='bbox 2208 1039 2289 1089; x_wconf 89' lang='lat' dir='ltr'>in-</span> 
     </span>
     <span class='ocr_line' id='line_1_12' title="bbox 136 1123 2319 1194; baseline 0.001 -18"><span class='ocrx_word' id='word_1_72' title='bbox 136 1124 312 1187; x_wconf 73' lang='lat' dir='ltr'>verse3</span> <span class='ocrx_word' id='word_1_73' title='bbox 370 1134 421 1176; x_wconf 91' lang='lat' dir='ltr'>et</span> <span class='ocrx_word' id='word_1_74' title='bbox 463 1124 697 1193; x_wconf 87' lang='lat' dir='ltr'>pondera</span> <span class='ocrx_word' id='word_1_75' title='bbox 723 1123 789 1175; x_wconf 91' lang='lat' dir='ltr'>ad</span> <span class='ocrx_word' id='word_1_76' title='bbox 834 1123 1132 1193; x_wconf 86' lang='lat' dir='ltr'>superficies</span> <span class='ocrx_word' id='word_1_77' title='bbox 1171 1123 1515 1192; x_wconf 88' lang='lat' dir='ltr'>planetarum,</span> <span class='ocrx_word' id='word_1_78' title='bbox 1564 1123 1753 1175; x_wconf 86' lang='lat' dir='ltr'>aliasve</span> <span class='ocrx_word' id='word_1_79' title='bbox 1800 1126 2005 1194; x_wconf 89' lang='lat' dir='ltr'>quasvis</span> <span class='ocrx_word' id='word_1_80' title='bbox 2043 1146 2074 1177; x_wconf 90' lang='lat' dir='ltr'>a</span> <span class='ocrx_word' id='word_1_81' title='bbox 2111 1137 2319 1179; x_wconf 55' lang='lat' dir='ltr'>centro«</span> 
     </span>
     <span class='ocr_line' id='line_1_13' title="bbox 141 1213 2289 1285; baseline 0 -16"><span class='ocrx_word' id='word_1_82' title='bbox 141 1217 424 1279; x_wconf 83' lang='lat' dir='ltr'>distantias,</span> <span class='ocrx_word' id='word_1_83' title='bbox 459 1217 657 1285; x_wconf 87' lang='lat' dir='ltr'>majora</span> <span class='ocrx_word' id='word_1_84' title='bbox 683 1226 802 1266; x_wconf 92' lang='lat' dir='ltr'>sunt</span> <span class='ocrx_word' id='word_1_85' title='bbox 826 1215 909 1266; x_wconf 88' lang='lat' dir='ltr'>vel</span> <span class='ocrx_word' id='word_1_86' title='bbox 933 1215 1136 1265; x_wconf 86' lang='lat' dir='ltr'>minora</span> <span class='ocrx_word' id='word_1_87' title='bbox 1164 1216 1279 1283; x_wconf 89' lang='lat' dir='ltr'>(per</span> <span class='ocrx_word' id='word_1_88' title='bbox 1302 1213 1438 1264; x_wconf 86' lang='lat' dir='ltr'>hanc</span> <span class='ocrx_word' id='word_1_89' title='bbox 1468 1215 1907 1282; x_wconf 88' lang='lat' dir='ltr'>Propositionem)</span> <span class='ocrx_word' id='word_1_90' title='bbox 1947 1216 2002 1266; x_wconf 91' lang='lat' dir='ltr'>in</span> <span class='ocrx_word' id='word_1_91' title='bbox 2028 1216 2289 1285; x_wconf 67' lang='lat' dir='ltr'>duplicata</span> 
     </span>
    </p>
   </div>
   <div class='ocr_carea' id='block_1_4' title="bbox 533 767 2290 928">
    <p class='ocr_par' dir='ltr' id='par_1_5' title="bbox 533 767 2290 928">
     <span class='ocr_line' id='line_1_14' title="bbox 533 767 2289 837; baseline -0.001 -17"><span class='ocrx_word' id='word_1_92' title='bbox 533 769 679 820; x_wconf 89' lang='lat' dir='ltr'>Hinc</span> <span class='ocrx_word' id='word_1_93' title='bbox 717 768 936 819; x_wconf 88' lang='lat' dir='ltr'>inveniri</span> <span class='ocrx_word' id='word_1_94' title='bbox 962 777 1012 818; x_wconf 91' lang='lat' dir='ltr'>et</span> <span class='ocrx_word' id='word_1_95' title='bbox 1036 767 1171 818; x_wconf 91' lang='lat' dir='ltr'>inter</span> <span class='ocrx_word' id='word_1_96' title='bbox 1197 786 1252 818; x_wconf 91' lang='lat' dir='ltr'>se</span> <span class='ocrx_word' id='word_1_97' title='bbox 1278 767 1570 835; x_wconf 87' lang='lat' dir='ltr'>comparari</span> <span class='ocrx_word' id='word_1_98' title='bbox 1596 779 1817 835; x_wconf 86' lang='lat' dir='ltr'>possunt</span> <span class='ocrx_word' id='word_1_99' title='bbox 1841 768 2077 837; x_wconf 86' lang='lat' dir='ltr'>pondera</span> <span class='ocrx_word' id='word_1_100' title='bbox 2103 784 2289 837; x_wconf 84' lang='lat' dir='ltr'>corpo-</span> 
     </span>
     <span class='ocr_line' id='line_1_15' title="bbox 995 857 2290 928; baseline 0.002 -20"><span class='ocrx_word' id='word_1_101' title='bbox 995 857 1137 908; x_wconf 88' lang='lat' dir='ltr'>Nam</span> <span class='ocrx_word' id='word_1_102' title='bbox 1175 857 1412 926; x_wconf 88' lang='lat' dir='ltr'>pondera</span> <span class='ocrx_word' id='word_1_103' title='bbox 1453 875 1734 925; x_wconf 87' lang='lat' dir='ltr'>corporum</span> <span class='ocrx_word' id='word_1_104' title='bbox 1777 859 2054 928; x_wconf 81' lang='lat' dir='ltr'>aequalium</span> <span class='ocrx_word' id='word_1_105' title='bbox 2093 860 2290 911; x_wconf 86' lang='lat' dir='ltr'>circum</span> 
     </span>
    </p>
   </div>
   <div class='ocr_carea' id='block_1_5' title="bbox 135 1304 2290 1910">
    <p class='ocr_par' dir='ltr' id='par_1_6' title="bbox 135 1304 2290 1910">
     <span class='ocr_line' id='line_1_16' title="bbox 138 1304 2288 1373; baseline 0.001 -16"><span class='ocrx_word' id='word_1_106' title='bbox 138 1307 336 1358; x_wconf 89' lang='lat' dir='ltr'>ratione</span> <span class='ocrx_word' id='word_1_107' title='bbox 375 1305 735 1356; x_wconf 88' lang='lat' dir='ltr'>distantiarum</span> <span class='ocrx_word' id='word_1_108' title='bbox 773 1304 991 1355; x_wconf 72' lang='lat' dir='ltr'>inversa.</span> <span class='ocrx_word' id='word_1_109' title='bbox 1078 1304 1164 1356; x_wconf 87' lang='lat' dir='ltr'>Sic</span> <span class='ocrx_word' id='word_1_110' title='bbox 1190 1322 1255 1354; x_wconf 83' lang='lat' dir='ltr'>ex</span> <span class='ocrx_word' id='word_1_111' title='bbox 1280 1304 1600 1372; x_wconf 88' lang='lat' dir='ltr'>temporibus</span> <span class='ocrx_word' id='word_1_112' title='bbox 1638 1305 1913 1373; x_wconf 89' lang='lat' dir='ltr'>periodicis</span> <span class='ocrx_word' id='word_1_113' title='bbox 1941 1306 2161 1358; x_wconf 89' lang='lat' dir='ltr'>Veneris</span> <span class='ocrx_word' id='word_1_114' title='bbox 2190 1309 2288 1359; x_wconf 90' lang='lat' dir='ltr'>cir-</span> 
     </span>
     <span class='ocr_line' id='line_1_17' title="bbox 136 1392 2287 1463; baseline 0 -17"><span class='ocrx_word' id='word_1_115' title='bbox 136 1414 254 1447; x_wconf 86' lang='lat' dir='ltr'>cum</span> <span class='ocrx_word' id='word_1_116' title='bbox 296 1394 471 1446; x_wconf 90' lang='lat' dir='ltr'>Solem</span> <span class='ocrx_word' id='word_1_117' title='bbox 508 1394 710 1445; x_wconf 89' lang='lat' dir='ltr'>dierum</span> <span class='ocrx_word' id='word_1_118' title='bbox 747 1400 850 1444; x_wconf 76' lang='lat'>224</span> <span class='ocrx_word' id='word_1_119' title='bbox 891 1403 943 1444; x_wconf 91' lang='lat' dir='ltr'>et</span> <span class='ocrx_word' id='word_1_120' title='bbox 978 1392 1226 1443; x_wconf 88' lang='lat' dir='ltr'>horarum</span> <span class='ocrx_word' id='word_1_121' title='bbox 1266 1392 1381 1458; x_wconf 73' lang='lat'>16{—,</span> <span class='ocrx_word' id='word_1_122' title='bbox 1427 1392 1655 1443; x_wconf 88' lang='lat' dir='ltr'>satellitis</span> <span class='ocrx_word' id='word_1_123' title='bbox 1684 1393 1864 1443; x_wconf 81' lang='lat' dir='ltr'>extimi</span> <span class='ocrx_word' id='word_1_124' title='bbox 1892 1394 2287 1463; x_wconf 84' lang='lat' dir='ltr'>circumjovialis</span> 
     </span>
     <span class='ocr_line' id='line_1_18' title="bbox 136 1482 2290 1558; baseline 0 -20"><span class='ocrx_word' id='word_1_125' title='bbox 136 1487 331 1538; x_wconf 88' lang='lat' dir='ltr'>circum</span> <span class='ocrx_word' id='word_1_126' title='bbox 368 1486 553 1538; x_wconf 89' lang='lat' dir='ltr'>Jovem</span> <span class='ocrx_word' id='word_1_127' title='bbox 591 1485 792 1541; x_wconf 89' lang='lat' dir='ltr'>dierum</span> <span class='ocrx_word' id='word_1_128' title='bbox 834 1492 897 1536; x_wconf 90' lang='lat'>16</span> <span class='ocrx_word' id='word_1_129' title='bbox 939 1493 989 1535; x_wconf 91' lang='lat' dir='ltr'>et</span> <span class='ocrx_word' id='word_1_130' title='bbox 1024 1482 1270 1533; x_wconf 88' lang='lat' dir='ltr'>horarum</span> <span class='ocrx_word' id='word_1_131' title='bbox 1309 1482 1477 1558; x_wconf 46' lang='lat'>1612,</span> <span class='ocrx_word' id='word_1_132' title='bbox 1501 1482 1727 1533; x_wconf 88' lang='lat' dir='ltr'>satellitis</span> <span class='ocrx_word' id='word_1_133' title='bbox 1760 1483 2065 1554; x_wconf 85' lang='lat' dir='ltr'>Hugeniani</span> <span class='ocrx_word' id='word_1_134' title='bbox 2094 1486 2290 1539; x_wconf 89' lang='lat' dir='ltr'>circum</span> 
     </span>
     <span class='ocr_line' id='line_1_19' title="bbox 142 1570 2290 1635; baseline 0 -7"><span class='ocrx_word' id='word_1_135' title='bbox 142 1578 426 1628; x_wconf 89' lang='lat' dir='ltr'>Saturnum</span> <span class='ocrx_word' id='word_1_136' title='bbox 463 1574 666 1625; x_wconf 89' lang='lat' dir='ltr'>dierum</span> <span class='ocrx_word' id='word_1_137' title='bbox 709 1579 771 1625; x_wconf 87' lang='lat'>15</span> <span class='ocrx_word' id='word_1_138' title='bbox 813 1582 863 1624; x_wconf 92' lang='lat' dir='ltr'>et</span> <span class='ocrx_word' id='word_1_139' title='bbox 898 1572 1146 1623; x_wconf 89' lang='lat' dir='ltr'>horarum</span> <span class='ocrx_word' id='word_1_140' title='bbox 1186 1571 1304 1635; x_wconf 66' lang='grc' dir='ltr'>ΞΞ-Ξ,</span> <span class='ocrx_word' id='word_1_141' title='bbox 1343 1581 1394 1622; x_wconf 94' lang='lat' dir='ltr'>et</span> <span class='ocrx_word' id='word_1_142' title='bbox 1421 1570 1589 1622; x_wconf 86' lang='lat' dir='ltr'>Lunae</span> <span class='ocrx_word' id='word_1_143' title='bbox 1617 1572 1812 1622; x_wconf 87' lang='lat' dir='ltr'>circum</span> <span class='ocrx_word' id='word_1_144' title='bbox 1840 1572 2061 1624; x_wconf 85' lang='lat' dir='ltr'>Terram</span> <span class='ocrx_word' id='word_1_145' title='bbox 2088 1576 2290 1629; x_wconf 90' lang='lat' dir='ltr'>dierum</span> 
     </span>
     <span class='ocr_line' id='line_1_20' title="bbox 137 1657 2288 1723; baseline 0.001 -8"><span class='ocrx_word' id='word_1_146' title='bbox 137 1669 222 1719; x_wconf 78' lang='lat'>27.</span> <span class='ocrx_word' id='word_1_147' title='bbox 250 1663 364 1713; x_wconf 88' lang='lat' dir='ltr'>hor.</span> <span class='ocrx_word' id='word_1_148' title='bbox 395 1668 442 1717; x_wconf 90' lang='lat'>7.</span> <span class='ocrx_word' id='word_1_149' title='bbox 472 1662 596 1712; x_wconf 86' lang='lat' dir='ltr'>min.</span> <span class='ocrx_word' id='word_1_150' title='bbox 625 1668 711 1723; x_wconf 80' lang='lat'>43,</span> <span class='ocrx_word' id='word_1_151' title='bbox 742 1660 938 1711; x_wconf 87' lang='lat' dir='ltr'>collatis</span> <span class='ocrx_word' id='word_1_152' title='bbox 967 1678 1085 1711; x_wconf 88' lang='lat' dir='ltr'>eum</span> <span class='ocrx_word' id='word_1_153' title='bbox 1112 1657 1355 1710; x_wconf 70' lang='lat' dir='ltr'>distantia</span> <span class='ocrx_word' id='word_1_154' title='bbox 1381 1658 1632 1709; x_wconf 87' lang='lat' dir='ltr'>mediocri</span> <span class='ocrx_word' id='word_1_155' title='bbox 1652 1659 1873 1710; x_wconf 84' lang='lat' dir='ltr'>Veneris</span> <span class='ocrx_word' id='word_1_156' title='bbox 1900 1681 1930 1711; x_wconf 92' lang='lat' dir='ltr'>a</span> <span class='ocrx_word' id='word_1_157' title='bbox 1953 1662 2073 1714; x_wconf 82' lang='lat' dir='ltr'>Sole</span> <span class='ocrx_word' id='word_1_158' title='bbox 2100 1674 2150 1715; x_wconf 92' lang='lat' dir='ltr'>et</span> <span class='ocrx_word' id='word_1_159' title='bbox 2170 1684 2288 1717; x_wconf 88' lang='lat' dir='ltr'>cum</span> 
     </span>
     <span class='ocr_line' id='line_1_21' title="bbox 135 1748 2290 1823; baseline 0 -18"><span class='ocrx_word' id='word_1_160' title='bbox 135 1751 550 1823; x_wconf 86' lang='lat' dir='ltr'>elongationibus</span> <span class='ocrx_word' id='word_1_161' title='bbox 594 1750 832 1802; x_wconf 86' lang='lat' dir='ltr'>maximis</span> <span class='ocrx_word' id='word_1_162' title='bbox 875 1749 1258 1801; x_wconf 87' lang='lat' dir='ltr'>heliocentricis</span> <span class='ocrx_word' id='word_1_163' title='bbox 1302 1748 1534 1800; x_wconf 88' lang='lat' dir='ltr'>satellitis</span> <span class='ocrx_word' id='word_1_164' title='bbox 1579 1750 1759 1800; x_wconf 84' lang='lat' dir='ltr'>extimi</span> <span class='ocrx_word' id='word_1_165' title='bbox 1809 1751 2209 1821; x_wconf 62' lang='lat' dir='ltr'>circumjovialis„</span> <span class='ocrx_word' id='word_1_166' title='bbox 2259 1775 2290 1810; x_wconf 82' lang='lat' dir='ltr'>a</span> 
     </span>
     <span class='ocr_line' id='line_1_22' title="bbox 136 1839 2289 1910; baseline -0 -14"><span class='ocrx_word' id='word_1_167' title='bbox 136 1853 317 1896; x_wconf 87' lang='lat' dir='ltr'>centro</span> <span class='ocrx_word' id='word_1_168' title='bbox 340 1842 483 1894; x_wconf 89' lang='lat' dir='ltr'>Jovis</span> <span class='ocrx_word' id='word_1_169' title='bbox 512 1842 580 1894; x_wconf 56' lang='lat'>8&#39;2</span> <span class='ocrx_word' id='word_1_170' title='bbox 609 1842 721 1893; x_wconf 73' lang='lat'>16⁰.</span> <span class='ocrx_word' id='word_1_171' title='bbox 751 1840 982 1891; x_wconf 86' lang='lat' dir='ltr'>satellitis</span> <span class='ocrx_word' id='word_1_172' title='bbox 1012 1839 1319 1910; x_wconf 83' lang='lat' dir='ltr'>Hugeniani</span> <span class='ocrx_word' id='word_1_173' title='bbox 1346 1858 1376 1889; x_wconf 87' lang='lat' dir='ltr'>a</span> <span class='ocrx_word' id='word_1_174' title='bbox 1402 1848 1581 1889; x_wconf 89' lang='lat' dir='ltr'>centro</span> <span class='ocrx_word' id='word_1_175' title='bbox 1606 1839 1817 1891; x_wconf 84' lang='lat' dir='ltr'>Saturni</span> <span class='ocrx_word' id='word_1_176' title='bbox 1845 1842 1909 1892; x_wconf 69' lang='lat'>3².</span> <span class='ocrx_word' id='word_1_177' title='bbox 1932 1842 2012 1892; x_wconf 58' lang='lat'>4⁹.</span> <span class='ocrx_word' id='word_1_178' title='bbox 2040 1851 2092 1893; x_wconf 89' lang='lat' dir='ltr'>et</span> <span class='ocrx_word' id='word_1_179' title='bbox 2117 1843 2289 1901; x_wconf 83' lang='lat' dir='ltr'>Lunae</span> 
     </span>
    </p>
   </div>
   <div class='ocr_carea' id='block_1_6' title="bbox 134 1928 2292 2008">
    <p class='ocr_par' dir='ltr' id='par_1_7' title="bbox 134 1928 2292 2008">
     <span class='ocr_line' id='line_1_23' title="bbox 134 1928 2292 2008; baseline 0.001 -23"><span class='ocrx_word' id='word_1_180' title='bbox 134 1953 167 1985; x_wconf 89' lang='lat' dir='ltr'>a</span> <span class='ocrx_word' id='word_1_181' title='bbox 202 1941 395 1985; x_wconf 88' lang='lat' dir='ltr'>centro</span> <span class='ocrx_word' id='word_1_182' title='bbox 421 1931 608 1984; x_wconf 81' lang='lat' dir='ltr'>Terrae</span> <span class='ocrx_word' id='word_1_183' title='bbox 652 1931 749 1982; x_wconf 82' lang='lat'>10&#39;.</span> <span class='ocrx_word' id='word_1_184' title='bbox 779 1931 894 1984; x_wconf 72' lang='lat'><strong>33²².</strong></span> <span class='ocrx_word' id='word_1_185' title='bbox 936 1931 1001 2004; x_wconf 68' lang='lat' dir='ltr'>(g)</span> <span class='ocrx_word' id='word_1_186' title='bbox 1031 1939 1334 2002; x_wconf 86' lang='lat' dir='ltr'>computum</span> <span class='ocrx_word' id='word_1_187' title='bbox 1371 1928 1600 1985; x_wconf 80' lang='lat' dir='ltr'>ineundo</span> <span class='ocrx_word' id='word_1_188' title='bbox 1638 1929 1812 1986; x_wconf 81' lang='lat' dir='ltr'>inveni</span> <span class='ocrx_word' id='word_1_189' title='bbox 1839 1932 1980 2007; x_wconf 88' lang='lat' dir='ltr'>quod</span> <span class='ocrx_word' id='word_1_190' title='bbox 2007 1951 2292 2008; x_wconf 71' lang='lat' dir='ltr'>corporum</span> 
     </span>
    </p>
   </div>
   <div class='ocr_carea' id='block_1_7' title="bbox 132 2119 1184 3226">
    <p class='ocr_par' dir='ltr' id='par_1_8' title="bbox 132 2119 1184 3226">
     <span class='ocr_line' id='line_1_24' title="bbox 189 2119 1176 2172; baseline -0.003 -11"><span class='ocrx_word' id='word_1_191' title='bbox 189 2119 250 2172; x_wconf 75' lang='lat' dir='ltr'>(f)</span> <span class='ocrx_word' id='word_1_192' title='bbox 273 2123 295 2146; x_wconf 66' lang='lat'>⁹*</span> <span class='ocrx_word' id='word_1_193' title='bbox 313 2125 391 2161; x_wconf 81' lang='lat' dir='ltr'>Per</span> <span class='ocrx_word' id='word_1_194' title='bbox 411 2124 525 2172; x_wconf 79' lang='lat' dir='ltr'>Prop.</span> <span class='ocrx_word' id='word_1_195' title='bbox 550 2123 730 2161; x_wconf 85' lang='lat' dir='ltr'>LXXV.</span> <span class='ocrx_word' id='word_1_196' title='bbox 746 2129 782 2160; x_wconf 84' lang='lat' dir='ltr'>et</span> <span class='ocrx_word' id='word_1_197' title='bbox 800 2122 929 2160; x_wconf 88' lang='lat' dir='ltr'>LXX</span> <span class='ocrx_word' id='word_1_198' title='bbox 942 2123 1006 2160; x_wconf 82' lang='lat' dir='ltr'>VJ.</span> <span class='ocrx_word' id='word_1_199' title='bbox 1034 2123 1119 2160; x_wconf 83' lang='lat' dir='ltr'>Lib.</span> <span class='ocrx_word' id='word_1_200' title='bbox 1144 2123 1176 2160; x_wconf 91' lang='lat' dir='ltr'>I.</span> 
     </span>
     <span class='ocr_line' id='line_1_25' title="bbox 138 2173 1180 2224; baseline 0 -13"><span class='ocrx_word' id='word_1_201' title='bbox 138 2173 203 2211; x_wconf 85' lang='lat' dir='ltr'>Ex</span> <span class='ocrx_word' id='word_1_202' title='bbox 222 2174 465 2224; x_wconf 85' lang='lat' dir='ltr'>singularum</span> <span class='ocrx_word' id='word_1_203' title='bbox 485 2175 760 2223; x_wconf 80' lang='lat' dir='ltr'>particularum</span> <span class='ocrx_word' id='word_1_204' title='bbox 776 2175 920 2213; x_wconf 88' lang='lat' dir='ltr'>viribus</span> <span class='ocrx_word' id='word_1_205' title='bbox 935 2175 1180 2224; x_wconf 83' lang='lat' dir='ltr'>componitur</span> 
     </span>
     <span class='ocr_line' id='line_1_26' title="bbox 133 2228 1179 2280; baseline 0.002 -16"><span class='ocrx_word' id='word_1_206' title='bbox 133 2228 190 2264; x_wconf 90' lang='lat' dir='ltr'>vis</span> <span class='ocrx_word' id='word_1_207' title='bbox 209 2228 372 2276; x_wconf 83' lang='lat' dir='ltr'>planetae</span> <span class='ocrx_word' id='word_1_208' title='bbox 391 2228 510 2265; x_wconf 89' lang='lat' dir='ltr'>totius</span> <span class='ocrx_word' id='word_1_209' title='bbox 530 2229 641 2280; x_wconf 87' lang='lat' dir='ltr'>(Cor.</span> <span class='ocrx_word' id='word_1_210' title='bbox 669 2233 703 2265; x_wconf 88' lang='lat'>1-</span> <span class='ocrx_word' id='word_1_211' title='bbox 735 2229 851 2276; x_wconf 88' lang='lat' dir='ltr'>Prop.</span> <span class='ocrx_word' id='word_1_212' title='bbox 877 2228 1003 2277; x_wconf 89' lang='lat' dir='ltr'>VII.)</span> <span class='ocrx_word' id='word_1_213' title='bbox 1034 2235 1072 2266; x_wconf 89' lang='lat' dir='ltr'>et</span> <span class='ocrx_word' id='word_1_214' title='bbox 1090 2241 1179 2279; x_wconf 87' lang='lat' dir='ltr'>gra-</span> 
     </span>
     <span class='ocr_line' id='line_1_27' title="bbox 133 2280 1179 2332; baseline 0.001 -14"><span class='ocrx_word' id='word_1_215' title='bbox 133 2281 268 2318; x_wconf 77' lang='lat' dir='ltr'>vitatio</span> <span class='ocrx_word' id='word_1_216' title='bbox 297 2280 339 2317; x_wconf 89' lang='lat' dir='ltr'>in</span> <span class='ocrx_word' id='word_1_217' title='bbox 371 2281 543 2331; x_wconf 86' lang='lat' dir='ltr'>singulas</span> <span class='ocrx_word' id='word_1_218' title='bbox 570 2281 975 2331; x_wconf 78' lang='lat' dir='ltr'>corporisparticulas</span> <span class='ocrx_word' id='word_1_219' title='bbox 1000 2283 1179 2332; x_wconf 81' lang='lat' dir='ltr'>aequaleS‚</span> 
     </span>
     <span class='ocr_line' id='line_1_28' title="bbox 135 2333 1183 2385; baseline 0.001 -14"><span class='ocrx_word' id='word_1_220' title='bbox 135 2341 193 2371; x_wconf 89' lang='lat' dir='ltr'>est</span> <span class='ocrx_word' id='word_1_221' title='bbox 210 2333 403 2382; x_wconf 73' lang='lat' dir='ltr'>reciproce</span> <span class='ocrx_word' id='word_1_222' title='bbox 430 2342 476 2372; x_wconf 92' lang='lat' dir='ltr'>ut</span> <span class='ocrx_word' id='word_1_223' title='bbox 505 2335 737 2385; x_wconf 87' lang='lat' dir='ltr'>quadratum</span> <span class='ocrx_word' id='word_1_224' title='bbox 757 2334 948 2372; x_wconf 85' lang='lat' dir='ltr'>distantiae</span> <span class='ocrx_word' id='word_1_225' title='bbox 967 2335 1140 2373; x_wconf 89' lang='lat' dir='ltr'>locorum</span> <span class='ocrx_word' id='word_1_226' title='bbox 1160 2348 1183 2372; x_wconf 91' lang='lat' dir='ltr'>a</span> 
     </span>
     <span class='ocr_line' id='line_1_29' title="bbox 132 2386 1182 2439; baseline 0.003 -16"><span class='ocrx_word' id='word_1_227' title='bbox 132 2386 330 2435; x_wconf 85' lang='lat' dir='ltr'>particulis</span> <span class='ocrx_word' id='word_1_228' title='bbox 365 2388 450 2439; x_wconf 85' lang='lat' dir='ltr'>(per</span> <span class='ocrx_word' id='word_1_229' title='bbox 473 2388 560 2426; x_wconf 89' lang='lat' dir='ltr'>Cor.</span> <span class='ocrx_word' id='word_1_230' title='bbox 588 2392 623 2425; x_wconf 82' lang='lat'>2.</span> <span class='ocrx_word' id='word_1_231' title='bbox 664 2388 780 2437; x_wconf 88' lang='lat' dir='ltr'>Prop.</span> <span class='ocrx_word' id='word_1_232' title='bbox 802 2387 1009 2438; x_wconf 87' lang='lat' dir='ltr'>ejusdem).</span> <span class='ocrx_word' id='word_1_233' title='bbox 1073 2388 1182 2426; x_wconf 90' lang='lat' dir='ltr'>Hinc</span> 
     </span>
     <span class='ocr_line' id='line_1_30' title="bbox 133 2440 1180 2489; baseline 0.002 -13"><span class='ocrx_word' id='word_1_234' title='bbox 133 2440 191 2477; x_wconf 89' lang='lat' dir='ltr'>vis</span> <span class='ocrx_word' id='word_1_235' title='bbox 214 2440 380 2489; x_wconf 84' lang='lat' dir='ltr'>planetae</span> <span class='ocrx_word' id='word_1_236' title='bbox 407 2441 526 2479; x_wconf 85' lang='lat' dir='ltr'>totius</span> <span class='ocrx_word' id='word_1_237' title='bbox 554 2441 737 2479; x_wconf 85' lang='lat' dir='ltr'>decrescit</span> <span class='ocrx_word' id='word_1_238' title='bbox 755 2442 796 2478; x_wconf 87' lang='lat' dir='ltr'>in</span> <span class='ocrx_word' id='word_1_239' title='bbox 816 2441 1012 2489; x_wconf 66' lang='lat' dir='ltr'>duplicata</span> <span class='ocrx_word' id='word_1_240' title='bbox 1031 2441 1180 2479; x_wconf 88' lang='lat' dir='ltr'>ratione</span> 
     </span>
     <span class='ocr_line' id='line_1_31' title="bbox 133 2492 1180 2543; baseline 0.003 -14"><span class='ocrx_word' id='word_1_241' title='bbox 133 2492 402 2530; x_wconf 83' lang='lat' dir='ltr'>distantiarum</span> <span class='ocrx_word' id='word_1_242' title='bbox 430 2507 453 2531; x_wconf 91' lang='lat' dir='ltr'>a</span> <span class='ocrx_word' id='word_1_243' title='bbox 480 2503 624 2539; x_wconf 86' lang='lat' dir='ltr'>centro,</span> <span class='ocrx_word' id='word_1_244' title='bbox 654 2493 772 2532; x_wconf 73' lang='lat' dir='ltr'>modo</span> <span class='ocrx_word' id='word_1_245' title='bbox 797 2502 928 2532; x_wconf 86' lang='lat' dir='ltr'>tamen</span> <span class='ocrx_word' id='word_1_246' title='bbox 946 2495 1113 2543; x_wconf 87' lang='lat' dir='ltr'>planetae</span> <span class='ocrx_word' id='word_1_247' title='bbox 1132 2507 1180 2533; x_wconf 85' lang='lat' dir='ltr'>ex</span> 
     </span>
     <span class='ocr_line' id='line_1_32' title="bbox 133 2546 1174 2600; baseline 0.003 -17"><span class='ocrx_word' id='word_1_248' title='bbox 133 2546 320 2583; x_wconf 85' lang='lat' dir='ltr'>uniformi</span> <span class='ocrx_word' id='word_1_249' title='bbox 366 2547 528 2585; x_wconf 69' lang='lat' dir='ltr'>materia</span> <span class='ocrx_word' id='word_1_250' title='bbox 573 2556 746 2585; x_wconf 89' lang='lat' dir='ltr'>constare</span> <span class='ocrx_word' id='word_1_251' title='bbox 791 2556 987 2597; x_wconf 87' lang='lat' dir='ltr'>ponantur</span> <span class='ocrx_word' id='word_1_252' title='bbox 1035 2549 1174 2600; x_wconf 83' lang='lat' dir='ltr'>(Prop.</span> 
     </span>
     <span class='ocr_line' id='line_1_33' title="bbox 136 2599 1180 2652; baseline 0.004 -16"><span class='ocrx_word' id='word_1_253' title='bbox 136 2599 324 2639; x_wconf 90' lang='lat' dir='ltr'>LXXV.</span> <span class='ocrx_word' id='word_1_254' title='bbox 351 2599 440 2638; x_wconf 87' lang='lat' dir='ltr'>Lib.</span> <span class='ocrx_word' id='word_1_255' title='bbox 467 2600 525 2650; x_wconf 93' lang='grc' dir='ltr'>Ι.)</span> <span class='ocrx_word' id='word_1_256' title='bbox 556 2609 595 2639; x_wconf 89' lang='lat' dir='ltr'>et</span> <span class='ocrx_word' id='word_1_257' title='bbox 612 2601 837 2652; x_wconf 88' lang='lat' dir='ltr'>hujusmodi</span> <span class='ocrx_word' id='word_1_258' title='bbox 858 2601 1023 2650; x_wconf 54' lang='lat' dir='ltr'>planetis</span> <span class='ocrx_word' id='word_1_259' title='bbox 1042 2602 1121 2640; x_wconf 91' lang='lat' dir='ltr'>duo</span> <span class='ocrx_word' id='word_1_260' title='bbox 1139 2615 1180 2640; x_wconf 87' lang='lat' dir='ltr'>se</span> 
     </span>
     <span class='ocr_line' id='line_1_34' title="bbox 133 2650 1182 2703; baseline 0.005 -15"><span class='ocrx_word' id='word_1_261' title='bbox 133 2650 275 2691; x_wconf 72' lang='lat' dir='ltr'>mutuo</span> <span class='ocrx_word' id='word_1_262' title='bbox 293 2654 446 2691; x_wconf 80' lang='lat' dir='ltr'>trahent</span> <span class='ocrx_word' id='word_1_263' title='bbox 461 2654 495 2690; x_wconf 89' lang='lat' dir='ltr'>vi</span> <span class='ocrx_word' id='word_1_264' title='bbox 511 2654 752 2692; x_wconf 88' lang='lat' dir='ltr'>decrescente</span> <span class='ocrx_word' id='word_1_265' title='bbox 766 2654 807 2691; x_wconf 89' lang='lat' dir='ltr'>in</span> <span class='ocrx_word' id='word_1_266' title='bbox 823 2654 1020 2703; x_wconf 71' lang='lat' dir='ltr'>duplicata</span> <span class='ocrx_word' id='word_1_267' title='bbox 1034 2657 1182 2693; x_wconf 85' lang='lat' dir='ltr'>ratione</span> 
     </span>
     <span class='ocr_line' id='line_1_35' title="bbox 134 2704 1183 2759; baseline 0.004 -17"><span class='ocrx_word' id='word_1_268' title='bbox 134 2704 328 2744; x_wconf 85' lang='lat' dir='ltr'>distantiae</span> <span class='ocrx_word' id='word_1_269' title='bbox 360 2706 461 2744; x_wconf 88' lang='lat' dir='ltr'>inter</span> <span class='ocrx_word' id='word_1_270' title='bbox 493 2715 623 2746; x_wconf 89' lang='lat' dir='ltr'>centra</span> <span class='ocrx_word' id='word_1_271' title='bbox 655 2710 742 2759; x_wconf 83' lang='lat' dir='ltr'>(per</span> <span class='ocrx_word' id='word_1_272' title='bbox 772 2707 984 2747; x_wconf 88' lang='lat' dir='ltr'>Corollaria</span> <span class='ocrx_word' id='word_1_273' title='bbox 1008 2709 1183 2759; x_wconf 84' lang='lat' dir='ltr'>ejusdem</span> 
     </span>
     <span class='ocr_line' id='line_1_36' title="bbox 138 2758 1182 2812; baseline 0.004 -16"><span class='ocrx_word' id='word_1_274' title='bbox 138 2758 294 2808; x_wconf 85' lang='lat' dir='ltr'>Prop.).</span> <span class='ocrx_word' id='word_1_275' title='bbox 359 2760 547 2804; x_wconf 78' lang='lat' dir='ltr'>Quamvis</span> <span class='ocrx_word' id='word_1_276' title='bbox 574 2768 705 2798; x_wconf 86' lang='lat' dir='ltr'>autem</span> <span class='ocrx_word' id='word_1_277' title='bbox 732 2761 899 2809; x_wconf 82' lang='lat' dir='ltr'>planetae</span> <span class='ocrx_word' id='word_1_278' title='bbox 918 2761 957 2798; x_wconf 89' lang='lat' dir='ltr'>in</span> <span class='ocrx_word' id='word_1_279' title='bbox 979 2775 1182 2812; x_wconf 86' lang='lat' dir='ltr'>progressu</span> 
     </span>
     <span class='ocr_line' id='line_1_37' title="bbox 134 2812 1179 2860; baseline 0.004 -11"><span class='ocrx_word' id='word_1_280' title='bbox 134 2824 158 2849; x_wconf 86' lang='lat' dir='ltr'>a</span> <span class='ocrx_word' id='word_1_281' title='bbox 176 2821 308 2849; x_wconf 90' lang='lat' dir='ltr'>centro</span> <span class='ocrx_word' id='word_1_282' title='bbox 322 2812 372 2849; x_wconf 88' lang='lat' dir='ltr'>ad</span> <span class='ocrx_word' id='word_1_283' title='bbox 390 2813 740 2851; x_wconf 81' lang='lat' dir='ltr'>circumferentiam</span> <span class='ocrx_word' id='word_1_284' title='bbox 760 2827 839 2852; x_wconf 88' lang='lat' dir='ltr'>non</span> <span class='ocrx_word' id='word_1_285' title='bbox 858 2816 935 2852; x_wconf 89' lang='lat' dir='ltr'>sint</span> <span class='ocrx_word' id='word_1_286' title='bbox 953 2815 1179 2860; x_wconf 85' lang='lat' dir='ltr'>uniformes,</span> 
     </span>
     <span class='ocr_line' id='line_1_38' title="bbox 134 2865 1184 2917; baseline 0.005 -15"><span class='ocrx_word' id='word_1_287' title='bbox 134 2865 322 2903; x_wconf 88' lang='lat' dir='ltr'>obtinebit</span> <span class='ocrx_word' id='word_1_288' title='bbox 340 2865 443 2903; x_wconf 87' lang='lat' dir='ltr'>idem</span> <span class='ocrx_word' id='word_1_289' title='bbox 458 2866 749 2904; x_wconf 82' lang='lat' dir='ltr'>decrementum</span> <span class='ocrx_word' id='word_1_290' title='bbox 770 2868 810 2904; x_wconf 89' lang='lat' dir='ltr'>in</span> <span class='ocrx_word' id='word_1_291' title='bbox 824 2868 972 2905; x_wconf 86' lang='lat' dir='ltr'>ratione</span> <span class='ocrx_word' id='word_1_292' title='bbox 987 2867 1184 2917; x_wconf 67' lang='lat' dir='ltr'>duplicata</span> 
     </span>
     <span class='ocr_line' id='line_1_39' title="bbox 135 2917 1182 2971; baseline 0.004 -16"><span class='ocrx_word' id='word_1_293' title='bbox 135 2917 326 2956; x_wconf 83' lang='lat' dir='ltr'>distantiae</span> <span class='ocrx_word' id='word_1_294' title='bbox 356 2919 494 2970; x_wconf 77' lang='lat' dir='ltr'>(Prop.</span> <span class='ocrx_word' id='word_1_295' title='bbox 526 2920 738 2958; x_wconf 86' lang='lat' dir='ltr'>LXXVI.</span> <span class='ocrx_word' id='word_1_296' title='bbox 775 2921 862 2959; x_wconf 87' lang='lat' dir='ltr'>Lib.</span> <span class='ocrx_word' id='word_1_297' title='bbox 890 2920 948 2971; x_wconf 90' lang='lat'>1.)</span> <span class='ocrx_word' id='word_1_298' title='bbox 982 2922 1013 2959; x_wconf 92' lang='lat' dir='ltr'>si</span> <span class='ocrx_word' id='word_1_299' title='bbox 1046 2935 1182 2959; x_wconf 87' lang='lat' dir='ltr'>secun-</span> 
     </span>
     <span class='ocr_line' id='line_1_40' title="bbox 134 2969 1182 3024; baseline 0.005 -16"><span class='ocrx_word' id='word_1_300' title='bbox 134 2969 233 3009; x_wconf 70' lang='lat' dir='ltr'>dum</span> <span class='ocrx_word' id='word_1_301' title='bbox 265 2985 552 3023; x_wconf 86' lang='lat' dir='ltr'>quamcumque</span> <span class='ocrx_word' id='word_1_302' title='bbox 581 2974 708 3024; x_wconf 88' lang='lat' dir='ltr'>legem</span> <span class='ocrx_word' id='word_1_303' title='bbox 734 2983 877 3012; x_wconf 85' lang='lat' dir='ltr'>crescat</span> <span class='ocrx_word' id='word_1_304' title='bbox 905 2974 964 3012; x_wconf 90' lang='lat' dir='ltr'>vel</span> <span class='ocrx_word' id='word_1_305' title='bbox 989 2975 1182 3013; x_wconf 86' lang='lat' dir='ltr'>decrescat</span> 
     </span>
     <span class='ocr_line' id='line_1_41' title="bbox 135 3023 1178 3075; baseline 0.005 -14"><span class='ocrx_word' id='word_1_306' title='bbox 135 3023 304 3063; x_wconf 81' lang='lat' dir='ltr'>densitas</span> <span class='ocrx_word' id='word_1_307' title='bbox 332 3025 373 3062; x_wconf 89' lang='lat' dir='ltr'>in</span> <span class='ocrx_word' id='word_1_308' title='bbox 395 3039 598 3075; x_wconf 87' lang='lat' dir='ltr'>progressu</span> <span class='ocrx_word' id='word_1_309' title='bbox 628 3040 649 3063; x_wconf 85' lang='lat' dir='ltr'>a</span> <span class='ocrx_word' id='word_1_310' title='bbox 672 3035 805 3065; x_wconf 90' lang='lat' dir='ltr'>centro</span> <span class='ocrx_word' id='word_1_311' title='bbox 832 3028 882 3065; x_wconf 87' lang='lat' dir='ltr'>ad</span> <span class='ocrx_word' id='word_1_312' title='bbox 906 3028 1178 3067; x_wconf 88' lang='lat' dir='ltr'>circumferen-</span> 
     </span>
     <span class='ocr_line' id='line_1_42' title="bbox 134 3076 1182 3130; baseline 0.005 -15"><span class='ocrx_word' id='word_1_313' title='bbox 134 3076 241 3123; x_wconf 86' lang='lat' dir='ltr'>tiam,</span> <span class='ocrx_word' id='word_1_314' title='bbox 273 3086 311 3116; x_wconf 87' lang='lat' dir='ltr'>et</span> <span class='ocrx_word' id='word_1_315' title='bbox 342 3078 517 3116; x_wconf 83' lang='lat' dir='ltr'>similiter</span> <span class='ocrx_word' id='word_1_316' title='bbox 548 3080 772 3130; x_wconf 83' lang='lat' dir='ltr'>hujusmodi</span> <span class='ocrx_word' id='word_1_317' title='bbox 797 3081 962 3129; x_wconf 87' lang='lat' dir='ltr'>planetae</span> <span class='ocrx_word' id='word_1_318' title='bbox 992 3082 1071 3119; x_wconf 82' lang='lat' dir='ltr'>duo</span> <span class='ocrx_word' id='word_1_319' title='bbox 1101 3095 1182 3120; x_wconf 89' lang='lat' dir='ltr'>sese</span> 
     </span>
     <span class='ocr_line' id='line_1_43' title="bbox 135 3129 1179 3182; baseline 0.007 -16"><span class='ocrx_word' id='word_1_320' title='bbox 135 3129 300 3168; x_wconf 87' lang='lat' dir='ltr'>invicem</span> <span class='ocrx_word' id='word_1_321' title='bbox 317 3133 470 3170; x_wconf 85' lang='lat' dir='ltr'>trahent</span> <span class='ocrx_word' id='word_1_322' title='bbox 488 3133 631 3170; x_wconf 85' lang='lat' dir='ltr'>viribus</span> <span class='ocrx_word' id='word_1_323' title='bbox 649 3133 691 3169; x_wconf 92' lang='lat' dir='ltr'>in</span> <span class='ocrx_word' id='word_1_324' title='bbox 709 3133 857 3171; x_wconf 86' lang='lat' dir='ltr'>ratione</span> <span class='ocrx_word' id='word_1_325' title='bbox 876 3134 1075 3182; x_wconf 70' lang='lat' dir='ltr'>duplicata</span> <span class='ocrx_word' id='word_1_326' title='bbox 1102 3135 1179 3173; x_wconf 84' lang='lat' dir='ltr'>dis·</span> 
     </span>
     <span class='ocr_line' id='line_1_44' title="bbox 135 3184 950 3226; baseline 0.009 -7"><span class='ocrx_word' id='word_1_327' title='bbox 135 3184 344 3222; x_wconf 86' lang='lat' dir='ltr'>tantiarum</span> <span class='ocrx_word' id='word_1_328' title='bbox 363 3185 464 3223; x_wconf 87' lang='lat' dir='ltr'>inter</span> <span class='ocrx_word' id='word_1_329' title='bbox 482 3194 613 3224; x_wconf 88' lang='lat' dir='ltr'>centra</span> <span class='ocrx_word' id='word_1_330' title='bbox 630 3186 950 3226; x_wconf 79' lang='lat' dir='ltr'>decrescentibus.</span> 
     </span>
    </p>
   </div>
   <div class='ocr_carea' id='block_1_8' title="bbox 133 3261 1182 3635">
    <p class='ocr_par' dir='ltr' id='par_1_9' title="bbox 133 3261 1182 3635">
     <span class='ocr_line' id='line_1_45' title="bbox 192 3261 1181 3316; baseline 0.006 -15"><span class='ocrx_word' id='word_1_331' title='bbox 192 3261 248 3314; x_wconf 76' lang='lat'>(⁸)</span> <span class='ocrx_word' id='word_1_332' title='bbox 282 3268 345 3302; x_wconf 88' lang='lat'>68.</span> <span class='ocrx_word' id='word_1_333' title='bbox 381 3266 403 3289; x_wconf 72' lang='lat'>²*</span> <span class='ocrx_word' id='word_1_334' title='bbox 442 3268 673 3316; x_wconf 80' lang='lat' dir='ltr'>Computum</span> <span class='ocrx_word' id='word_1_335' title='bbox 702 3269 882 3306; x_wconf 75' lang='lat' dir='ltr'>ineundo.</span> <span class='ocrx_word' id='word_1_336' title='bbox 945 3271 966 3293; x_wconf 77' lang='lat'>*</span> <span class='ocrx_word' id='word_1_337' title='bbox 1005 3269 1062 3307; x_wconf 90' lang='lat' dir='ltr'>Ut</span> <span class='ocrx_word' id='word_1_338' title='bbox 1097 3269 1181 3308; x_wconf 87' lang='lat' dir='ltr'>haec</span> 
     </span>
     <span class='ocr_line' id='line_1_46' title="bbox 136 3315 1181 3369; baseline 0.009 -18"><span class='ocrx_word' id='word_1_339' title='bbox 136 3315 268 3353; x_wconf 84' lang='lat' dir='ltr'>omnia</span> <span class='ocrx_word' id='word_1_340' title='bbox 286 3316 335 3353; x_wconf 85' lang='lat' dir='ltr'>ad</span> <span class='ocrx_word' id='word_1_341' title='bbox 353 3316 543 3367; x_wconf 88' lang='lat' dir='ltr'>algebrica</span> <span class='ocrx_word' id='word_1_342' title='bbox 562 3319 673 3369; x_wconf 87' lang='lat' dir='ltr'>signa</span> <span class='ocrx_word' id='word_1_343' title='bbox 691 3329 941 3368; x_wconf 86' lang='lat' dir='ltr'>revocentur;</span> <span class='ocrx_word' id='word_1_344' title='bbox 975 3322 1025 3360; x_wconf 86' lang='lat' dir='ltr'>sit</span> <span class='ocrx_word' id='word_1_345' title='bbox 1046 3323 1072 3359; x_wconf 91' lang='lat' dir='ltr'>S</span> <span class='ocrx_word' id='word_1_346' title='bbox 1090 3335 1181 3360; x_wconf 88' lang='lat' dir='ltr'>cen-</span> 
     </span>
     <span class='ocr_line' id='line_1_47' title="bbox 136 3369 1181 3419; baseline 0.009 -14"><span class='ocrx_word' id='word_1_347' title='bbox 136 3376 242 3405; x_wconf 86' lang='lat' dir='ltr'>trum</span> <span class='ocrx_word' id='word_1_348' title='bbox 273 3369 383 3415; x_wconf 88' lang='lat' dir='ltr'>Solis,</span> <span class='ocrx_word' id='word_1_349' title='bbox 407 3371 446 3408; x_wconf 92' lang='lat' dir='ltr'>V</span> <span class='ocrx_word' id='word_1_350' title='bbox 470 3379 646 3409; x_wconf 85' lang='lat' dir='ltr'>centrum</span> <span class='ocrx_word' id='word_1_351' title='bbox 668 3373 843 3419; x_wconf 87' lang='lat' dir='ltr'>Veneris,</span> <span class='ocrx_word' id='word_1_352' title='bbox 875 3375 911 3412; x_wconf 85' lang='lat' dir='ltr'>P</span> <span class='ocrx_word' id='word_1_353' title='bbox 929 3384 1106 3413; x_wconf 80' lang='lat' dir='ltr'>centrum</span> <span class='ocrx_word' id='word_1_354' title='bbox 1126 3376 1181 3414; x_wconf 88' lang='lat' dir='ltr'>al-</span> 
     </span>
     <span class='ocr_line' id='line_1_48' title="bbox 135 3421 1182 3473; baseline 0.008 -15"><span class='ocrx_word' id='word_1_355' title='bbox 135 3421 255 3459; x_wconf 87' lang='lat' dir='ltr'>terius</span> <span class='ocrx_word' id='word_1_356' title='bbox 285 3422 449 3469; x_wconf 81' lang='lat' dir='ltr'>planetae</span> <span class='ocrx_word' id='word_1_357' title='bbox 478 3425 661 3473; x_wconf 85' lang='lat' dir='ltr'>primarii,</span> <span class='ocrx_word' id='word_1_358' title='bbox 700 3427 736 3466; x_wconf 85' lang='lat' dir='ltr'>L</span> <span class='ocrx_word' id='word_1_359' title='bbox 766 3427 917 3465; x_wconf 85' lang='lat' dir='ltr'>satelles</span> <span class='ocrx_word' id='word_1_360' title='bbox 940 3428 980 3465; x_wconf 91' lang='lat' dir='ltr'>in</span> <span class='ocrx_word' id='word_1_361' title='bbox 1010 3428 1182 3467; x_wconf 72' lang='lat' dir='ltr'>maxima</span> 
     </span>
     <span class='ocr_line' id='line_1_49' title="bbox 135 3473 1180 3530; baseline 0.008 -19"><span class='ocrx_word' id='word_1_362' title='bbox 135 3473 208 3512; x_wconf 66' lang='lat' dir='ltr'>sua</span> <span class='ocrx_word' id='word_1_363' title='bbox 235 3474 482 3524; x_wconf 87' lang='lat' dir='ltr'>elongatione</span> <span class='ocrx_word' id='word_1_364' title='bbox 508 3478 780 3517; x_wconf 68' lang='lat' dir='ltr'>heliocentrica</span> <span class='ocrx_word' id='word_1_365' title='bbox 798 3494 916 3530; x_wconf 86' lang='lat' dir='ltr'>quam</span> <span class='ocrx_word' id='word_1_366' title='bbox 935 3481 1093 3520; x_wconf 86' lang='lat' dir='ltr'>metitur</span> <span class='ocrx_word' id='word_1_367' title='bbox 1111 3495 1180 3519; x_wconf 90' lang='lat' dir='ltr'>an-</span> 
     </span>
     <span class='ocr_line' id='line_1_50' title="bbox 133 3527 1134 3582; baseline 0.009 -18"><span class='ocrx_word' id='word_1_368' title='bbox 133 3528 253 3578; x_wconf 86' lang='lat' dir='ltr'>gulus</span> <span class='ocrx_word' id='word_1_369' title='bbox 275 3527 309 3564; x_wconf 97' lang='lat' dir='ltr'>L</span> <span class='ocrx_word' id='word_1_370' title='bbox 334 3529 359 3565; x_wconf 91' lang='lat' dir='ltr'>S</span> <span class='ocrx_word' id='word_1_371' title='bbox 382 3528 426 3573; x_wconf 92' lang='lat' dir='ltr'>P,</span> <span class='ocrx_word' id='word_1_372' title='bbox 447 3529 552 3567; x_wconf 89' lang='lat' dir='ltr'>unde</span> <span class='ocrx_word' id='word_1_373' title='bbox 570 3532 738 3582; x_wconf 86' lang='lat' dir='ltr'>angulus</span> <span class='ocrx_word' id='word_1_374' title='bbox 761 3533 787 3571; x_wconf 92' lang='lat' dir='ltr'>S</span> <span class='ocrx_word' id='word_1_375' title='bbox 809 3534 844 3571; x_wconf 93' lang='lat' dir='ltr'>L</span> <span class='ocrx_word' id='word_1_376' title='bbox 869 3532 903 3572; x_wconf 94' lang='lat' dir='ltr'>P</span> <span class='ocrx_word' id='word_1_377' title='bbox 921 3543 979 3572; x_wconf 87' lang='lat' dir='ltr'>est</span> <span class='ocrx_word' id='word_1_378' title='bbox 997 3544 1134 3573; x_wconf 82' lang='lat' dir='ltr'>rectus.</span> 
     </span>
     <span class='ocr_line' id='line_1_51' title="bbox 137 3581 973 3635; baseline 0.008 -17"><span class='ocrx_word' id='word_1_379' title='bbox 137 3581 304 3619; x_wconf 89' lang='lat' dir='ltr'>Dicatur</span> <span class='ocrx_word' id='word_1_380' title='bbox 321 3588 473 3629; x_wconf 87' lang='lat' dir='ltr'>tempus</span> <span class='ocrx_word' id='word_1_381' title='bbox 492 3583 729 3630; x_wconf 81' lang='lat' dir='ltr'>periodicum</span> <span class='ocrx_word' id='word_1_382' title='bbox 749 3586 913 3624; x_wconf 87' lang='lat' dir='ltr'>Veneris</span> <span class='ocrx_word' id='word_1_383' title='bbox 931 3596 947 3625; x_wconf 92' lang='lat' dir='ltr'>t</span> <span class='ocrx_word' id='word_1_384' title='bbox 961 3603 973 3635; x_wconf 74' lang='grc' dir='ltr'><strong><em>ς</em></strong></span> 
     </span>
    </p>
   </div>
   <div class='ocr_carea' id='block_1_9' title="bbox 1234 2119 2287 2169">
    <p class='ocr_par' dir='ltr' id='par_1_10' title="bbox 1234 2119 2287 2169">
     <span class='ocr_line' id='line_1_52' title="bbox 1234 2119 2287 2169; baseline 0.005 -11"><span class='ocrx_word' id='word_1_385' title='bbox 1234 2120 1312 2158; x_wconf 90' lang='lat' dir='ltr'>IV.</span> <span class='ocrx_word' id='word_1_386' title='bbox 1337 2119 1575 2167; x_wconf 85' lang='lat' dir='ltr'>exprimatur</span> <span class='ocrx_word' id='word_1_387' title='bbox 1601 2133 1670 2168; x_wconf 88' lang='lat' dir='ltr'>per</span> <span class='ocrx_word' id='word_1_388' title='bbox 1696 2119 1885 2159; x_wconf 86' lang='lat' dir='ltr'>rationem</span> <span class='ocrx_word' id='word_1_389' title='bbox 1910 2134 1932 2158; x_wconf 90' lang='lat' dir='ltr'>a</span> <span class='ocrx_word' id='word_1_390' title='bbox 1957 2121 2007 2160; x_wconf 87' lang='lat' dir='ltr'>ad</span> <span class='ocrx_word' id='word_1_391' title='bbox 2032 2124 2069 2169; x_wconf 88' lang='lat' dir='ltr'>b,</span> <span class='ocrx_word' id='word_1_392' title='bbox 2098 2122 2190 2162; x_wconf 86' lang='lat' dir='ltr'>inde</span> <span class='ocrx_word' id='word_1_393' title='bbox 2214 2124 2287 2163; x_wconf 79' lang='lat' dir='ltr'>erit</span> 
     </span>
    </p>
   </div>
   <div class='ocr_carea' id='block_1_10' title="bbox 1236 2174 1485 2251">
    <p class='ocr_par' dir='ltr' id='par_1_11' title="bbox 1236 2174 1485 2251">
     <span class='ocr_line' id='line_1_53' title="bbox 1236 2174 1485 2251; baseline -0.004 -7"><span class='ocrx_word' id='word_1_394' title='bbox 1236 2174 1485 2251; x_wconf 76' lang='lat' dir='ltr'>SV=b—z;</span> 
     </span>
    </p>
   </div>
   <div class='ocr_carea' id='block_1_11' title="bbox 1233 2253 1729 3404">
    <p class='ocr_par' dir='ltr' id='par_1_12' title="bbox 1233 2253 1729 2605">
     <span class='ocr_line' id='line_1_54' title="bbox 1437 2253 1459 2275; baseline 0 0"><span class='ocrx_word' id='word_1_395' title='bbox 1437 2253 1459 2275; x_wconf 84' lang='lat' dir='ltr'>a</span> 
     </span>
     <span class='ocr_line' id='line_1_55' title="bbox 1235 2291 1453 2329; baseline 0 0"><span class='ocrx_word' id='word_1_396' title='bbox 1235 2297 1274 2329; x_wconf 87' lang='lat' dir='ltr'>et</span> <span class='ocrx_word' id='word_1_397' title='bbox 1344 2291 1453 2329; x_wconf 77' lang='lat' dir='ltr'>radio</span> 
     </span>
     <span class='ocr_line' id='line_1_56' title="bbox 1242 2345 1724 2394; baseline 0 -12"><span class='ocrx_word' id='word_1_398' title='bbox 1242 2349 1256 2382; x_wconf 95' lang='lat' dir='ltr'>l</span> <span class='ocrx_word' id='word_1_399' title='bbox 1307 2345 1415 2382; x_wconf 81' lang='lat' dir='ltr'>sinus</span> <span class='ocrx_word' id='word_1_400' title='bbox 1462 2345 1724 2394; x_wconf 83' lang='lat' dir='ltr'>elongationis</span> 
     </span>
     <span class='ocr_line' id='line_1_57' title="bbox 1236 2399 1729 2436; baseline 0.002 -1"><span class='ocrx_word' id='word_1_401' title='bbox 1236 2399 1417 2436; x_wconf 81' lang='lat' dir='ltr'>maximae</span> <span class='ocrx_word' id='word_1_402' title='bbox 1438 2399 1729 2436; x_wconf 76' lang='lat' dir='ltr'>heliocentricae</span> 
     </span>
     <span class='ocr_line' id='line_1_58' title="bbox 1234 2451 1723 2501; baseline 0.002 -13"><span class='ocrx_word' id='word_1_403' title='bbox 1234 2451 1410 2501; x_wconf 72' lang='lat' dir='ltr'>satellitis</span> <span class='ocrx_word' id='word_1_404' title='bbox 1441 2453 1486 2497; x_wconf 87' lang='lat' dir='ltr'>L,</span> <span class='ocrx_word' id='word_1_405' title='bbox 1518 2452 1595 2489; x_wconf 87' lang='lat' dir='ltr'>sive</span> <span class='ocrx_word' id='word_1_406' title='bbox 1614 2453 1723 2489; x_wconf 88' lang='lat' dir='ltr'>sinus</span> 
     </span>
     <span class='ocr_line' id='line_1_59' title="bbox 1234 2505 1720 2556; baseline 0.004 -15"><span class='ocrx_word' id='word_1_407' title='bbox 1234 2505 1370 2556; x_wconf 88' lang='lat' dir='ltr'>anguli</span> <span class='ocrx_word' id='word_1_408' title='bbox 1414 2505 1450 2543; x_wconf 94' lang='lat' dir='ltr'>L</span> <span class='ocrx_word' id='word_1_409' title='bbox 1485 2506 1511 2543; x_wconf 94' lang='lat' dir='ltr'><strong>S</strong></span> <span class='ocrx_word' id='word_1_410' title='bbox 1543 2506 1578 2543; x_wconf 92' lang='lat' dir='ltr'>P</span> <span class='ocrx_word' id='word_1_411' title='bbox 1616 2505 1720 2543; x_wconf 79' lang='lat' dir='ltr'>dica-</span> 
     </span>
     <span class='ocr_line' id='line_1_60' title="bbox 1233 2567 1365 2605; baseline -0.008 -9"><span class='ocrx_word' id='word_1_412' title='bbox 1233 2567 1365 2605; x_wconf 60' lang='lat' dir='ltr'>tur&gt;e3</span> 
     </span>
    </p>

    <p class='ocr_par' dir='ltr' id='par_1_13' title="bbox 1235 2611 1721 3404">
     <span class='ocr_line' id='line_1_61' title="bbox 1238 2611 1721 2664; baseline 0.002 -15"><span class='ocrx_word' id='word_1_413' title='bbox 1238 2612 1349 2649; x_wconf 91' lang='lat' dir='ltr'>Hinc</span> <span class='ocrx_word' id='word_1_414' title='bbox 1414 2611 1455 2648; x_wconf 90' lang='lat' dir='ltr'>in</span> <span class='ocrx_word' id='word_1_415' title='bbox 1522 2612 1721 2664; x_wconf 78' lang='lat' dir='ltr'>triangulo</span> 
     </span>
     <span class='ocr_line' id='line_1_62' title="bbox 1240 2665 1716 2716; baseline 0.002 -13"><span class='ocrx_word' id='word_1_416' title='bbox 1240 2665 1267 2703; x_wconf 91' lang='lat' dir='ltr'>S</span> <span class='ocrx_word' id='word_1_417' title='bbox 1315 2666 1352 2703; x_wconf 91' lang='lat' dir='ltr'>L</span> <span class='ocrx_word' id='word_1_418' title='bbox 1394 2665 1428 2703; x_wconf 91' lang='lat' dir='ltr'>P</span> <span class='ocrx_word' id='word_1_419' title='bbox 1475 2667 1716 2716; x_wconf 84' lang='lat' dir='ltr'>rectangulo,</span> 
     </span>
     <span class='ocr_line' id='line_1_63' title="bbox 1238 2718 1717 2758; baseline 0.002 -3"><span class='ocrx_word' id='word_1_420' title='bbox 1238 2718 1310 2756; x_wconf 89' lang='lat' dir='ltr'>erit</span> <span class='ocrx_word' id='word_1_421' title='bbox 1346 2719 1454 2756; x_wconf 89' lang='lat' dir='ltr'>sinus</span> <span class='ocrx_word' id='word_1_422' title='bbox 1501 2727 1605 2757; x_wconf 90' lang='lat' dir='ltr'>totus</span> <span class='ocrx_word' id='word_1_423' title='bbox 1650 2733 1717 2758; x_wconf 87' lang='lat' dir='ltr'>an-</span> 
     </span>
     <span class='ocr_line' id='line_1_64' title="bbox 1236 2771 1719 2823; baseline 0.004 -15"><span class='ocrx_word' id='word_1_424' title='bbox 1236 2771 1322 2822; x_wconf 88' lang='lat' dir='ltr'>guli</span> <span class='ocrx_word' id='word_1_425' title='bbox 1357 2772 1384 2810; x_wconf 93' lang='lat' dir='ltr'>S</span> <span class='ocrx_word' id='word_1_426' title='bbox 1419 2773 1454 2810; x_wconf 94' lang='lat' dir='ltr'>L</span> <span class='ocrx_word' id='word_1_427' title='bbox 1494 2773 1528 2810; x_wconf 94' lang='lat' dir='ltr'>P</span> <span class='ocrx_word' id='word_1_428' title='bbox 1567 2772 1630 2823; x_wconf 94' lang='lat' dir='ltr'>(l)</span> <span class='ocrx_word' id='word_1_429' title='bbox 1669 2773 1719 2810; x_wconf 91' lang='lat' dir='ltr'>ad</span> 
     </span>
     <span class='ocr_line' id='line_1_65' title="bbox 1237 2826 1718 2875; baseline 0.006 -14"><span class='ocrx_word' id='word_1_430' title='bbox 1237 2826 1368 2862; x_wconf 92' lang='lat' dir='ltr'>sinum</span> <span class='ocrx_word' id='word_1_431' title='bbox 1401 2826 1535 2875; x_wconf 84' lang='lat' dir='ltr'>anguli</span> <span class='ocrx_word' id='word_1_432' title='bbox 1576 2826 1610 2863; x_wconf 95' lang='lat' dir='ltr'>L</span> <span class='ocrx_word' id='word_1_433' title='bbox 1635 2827 1661 2864; x_wconf 90' lang='lat' dir='ltr'>S</span> <span class='ocrx_word' id='word_1_434' title='bbox 1683 2828 1718 2864; x_wconf 94' lang='lat' dir='ltr'>P</span> 
     </span>
     <span class='ocr_line' id='line_1_66' title="bbox 1239 2877 1716 2931; baseline 0.002 -16"><span class='ocrx_word' id='word_1_435' title='bbox 1239 2877 1298 2929; x_wconf 90' lang='lat' dir='ltr'>(e)</span> <span class='ocrx_word' id='word_1_436' title='bbox 1337 2886 1382 2916; x_wconf 89' lang='lat' dir='ltr'>ut</span> <span class='ocrx_word' id='word_1_437' title='bbox 1415 2879 1516 2916; x_wconf 88' lang='lat' dir='ltr'>latus</span> <span class='ocrx_word' id='word_1_438' title='bbox 1546 2881 1572 2918; x_wconf 92' lang='lat' dir='ltr'>S</span> <span class='ocrx_word' id='word_1_439' title='bbox 1597 2880 1629 2916; x_wconf 90' lang='lat' dir='ltr'>P</span> <span class='ocrx_word' id='word_1_440' title='bbox 1658 2880 1716 2931; x_wconf 89' lang='lat' dir='ltr'>(z)</span> 
     </span>
     <span class='ocr_line' id='line_1_67' title="bbox 1237 2931 1716 2983; baseline 0.004 -15"><span class='ocrx_word' id='word_1_441' title='bbox 1237 2931 1288 2968; x_wconf 91' lang='lat' dir='ltr'>ad</span> <span class='ocrx_word' id='word_1_442' title='bbox 1325 2931 1428 2969; x_wconf 85' lang='lat' dir='ltr'>latus</span> <span class='ocrx_word' id='word_1_443' title='bbox 1474 2932 1508 2970; x_wconf 93' lang='lat' dir='ltr'>P</span> <span class='ocrx_word' id='word_1_444' title='bbox 1540 2933 1577 2970; x_wconf 93' lang='lat' dir='ltr'>L</span> <span class='ocrx_word' id='word_1_445' title='bbox 1614 2933 1716 2983; x_wconf 94' lang='lat' dir='ltr'>quod</span> 
     </span>
     <span class='ocr_line' id='line_1_68' title="bbox 1237 2984 1524 3036; baseline -0.003 -14"><span class='ocrx_word' id='word_1_446' title='bbox 1237 2984 1309 3022; x_wconf 89' lang='lat' dir='ltr'>erit</span> <span class='ocrx_word' id='word_1_447' title='bbox 1326 2990 1421 3036; x_wconf 83' lang='lat' dir='ltr'>erg&#39;o</span> <span class='ocrx_word' id='word_1_448' title='bbox 1441 2998 1462 3022; x_wconf 88' lang='lat' dir='ltr'>e</span> <span class='ocrx_word' id='word_1_449' title='bbox 1480 2998 1498 3021; x_wconf 93' lang='lat' dir='ltr'>z</span> <span class='ocrx_word' id='word_1_450' title='bbox 1513 3000 1524 3031; x_wconf 91' lang='lat'>;</span> 
     </span>
     <span class='ocr_line' id='line_1_69' title="bbox 1240 3038 1716 3082; baseline 0.002 -7"><span class='ocrx_word' id='word_1_451' title='bbox 1240 3038 1442 3082; x_wconf 81' lang='lat' dir='ltr'>Quoniam</span> <span class='ocrx_word' id='word_1_452' title='bbox 1469 3039 1524 3075; x_wconf 90' lang='lat' dir='ltr'>vis</span> <span class='ocrx_word' id='word_1_453' title='bbox 1546 3038 1646 3077; x_wconf 88' lang='lat' dir='ltr'>Solis</span> <span class='ocrx_word' id='word_1_454' title='bbox 1676 3039 1716 3076; x_wconf 90' lang='lat' dir='ltr'>in</span> 
     </span>
     <span class='ocr_line' id='line_1_70' title="bbox 1238 3091 1717 3141; baseline 0.002 -13"><span class='ocrx_word' id='word_1_455' title='bbox 1238 3091 1436 3129; x_wconf 86' lang='lat' dir='ltr'>Venerem</span> <span class='ocrx_word' id='word_1_456' title='bbox 1473 3100 1512 3130; x_wconf 87' lang='lat' dir='ltr'>et</span> <span class='ocrx_word' id='word_1_457' title='bbox 1548 3093 1603 3128; x_wconf 93' lang='lat' dir='ltr'>vis</span> <span class='ocrx_word' id='word_1_458' title='bbox 1640 3093 1717 3141; x_wconf 85' lang='lat' dir='ltr'>pri-</span> 
     </span>
     <span class='ocr_line' id='line_1_71' title="bbox 1235 3144 1713 3192; baseline 0.002 -11"><span class='ocrx_word' id='word_1_459' title='bbox 1235 3144 1345 3181; x_wconf 89' lang='lat' dir='ltr'>marii</span> <span class='ocrx_word' id='word_1_460' title='bbox 1402 3145 1443 3182; x_wconf 92' lang='lat' dir='ltr'>in</span> <span class='ocrx_word' id='word_1_461' title='bbox 1495 3145 1713 3192; x_wconf 88' lang='lat' dir='ltr'>satellitem,</span> 
     </span>
     <span class='ocr_line' id='line_1_72' title="bbox 1235 3193 1716 3247; baseline 0.004 -13"><span class='ocrx_word' id='word_1_462' title='bbox 1235 3206 1328 3235; x_wconf 89' lang='lat' dir='ltr'>sunt</span> <span class='ocrx_word' id='word_1_463' title='bbox 1347 3211 1414 3245; x_wconf 85' lang='lat' dir='ltr'>per</span> <span class='ocrx_word' id='word_1_464' title='bbox 1430 3193 1520 3236; x_wconf 75' lang='lat' dir='ltr'>Cor:</span> <span class='ocrx_word' id='word_1_465' title='bbox 1540 3204 1575 3236; x_wconf 80' lang='lat'>2.</span> <span class='ocrx_word' id='word_1_466' title='bbox 1601 3199 1716 3247; x_wconf 88' lang='lat' dir='ltr'>Prop.</span> 
     </span>
     <span class='ocr_line' id='line_1_73' title="bbox 1239 3251 1716 3309; baseline 0 -21"><span class='ocrx_word' id='word_1_467' title='bbox 1239 3251 1314 3288; x_wconf 90' lang='lat' dir='ltr'>IV.</span> <span class='ocrx_word' id='word_1_468' title='bbox 1342 3252 1430 3289; x_wconf 90' lang='lat' dir='ltr'>Lib.</span> <span class='ocrx_word' id='word_1_469' title='bbox 1454 3252 1489 3309; x_wconf 44' lang='lat' dir='ltr'>I).</span> <span class='ocrx_word' id='word_1_470' title='bbox 1510 3259 1554 3288; x_wconf 89' lang='lat' dir='ltr'>ut</span> <span class='ocrx_word' id='word_1_471' title='bbox 1573 3251 1716 3288; x_wconf 88' lang='lat' dir='ltr'>distan-</span> 
     </span>
     <span class='ocr_line' id='line_1_74' title="bbox 1236 3303 1719 3343; baseline -0.002 -2"><span class='ocrx_word' id='word_1_472' title='bbox 1236 3303 1301 3341; x_wconf 84' lang='lat' dir='ltr'>tiae</span> <span class='ocrx_word' id='word_1_473' title='bbox 1316 3304 1479 3343; x_wconf 79' lang='lat' dir='ltr'>Veneris</span> <span class='ocrx_word' id='word_1_474' title='bbox 1494 3314 1531 3342; x_wconf 85' lang='lat' dir='ltr'>et</span> <span class='ocrx_word' id='word_1_475' title='bbox 1546 3304 1719 3341; x_wconf 84' lang='lat' dir='ltr'>satellitis</span> 
     </span>
     <span class='ocr_line' id='line_1_75' title="bbox 1236 3357 1716 3404; baseline -0.004 -10"><span class='ocrx_word' id='word_1_476' title='bbox 1236 3370 1260 3394; x_wconf 86' lang='lat' dir='ltr'>a</span> <span class='ocrx_word' id='word_1_477' title='bbox 1291 3367 1424 3395; x_wconf 90' lang='lat' dir='ltr'>centro</span> <span class='ocrx_word' id='word_1_478' title='bbox 1455 3358 1554 3395; x_wconf 91' lang='lat' dir='ltr'>Solis</span> <span class='ocrx_word' id='word_1_479' title='bbox 1577 3365 1614 3394; x_wconf 84' lang='lat' dir='ltr'>et</span> <span class='ocrx_word' id='word_1_480' title='bbox 1639 3357 1716 3404; x_wconf 86' lang='lat' dir='ltr'>pri-</span> 
     </span>
    </p>
   </div>
   <div class='ocr_carea' id='block_1_12' title="bbox 1532 2292 1723 2330">
    <p class='ocr_par' dir='ltr' id='par_1_14' title="bbox 1532 2292 1723 2330">
     <span class='ocr_line' id='line_1_76' title="bbox 1532 2292 1723 2330; baseline 0.01 -2"><span class='ocrx_word' id='word_1_481' title='bbox 1532 2292 1723 2330; x_wconf 77' lang='lat' dir='ltr'>existente</span> 
     </span>
    </p>
   </div>
   <div class='ocr_carea' id='block_1_13' title="bbox 1824 2335 2286 3127">
    <p class='ocr_par' dir='ltr' id='par_1_15' title="bbox 1824 2335 2286 3127">
     <span class='ocr_line' id='line_1_77' title="bbox 1824 2335 2286 3127; baseline 0 1045"><span class='ocrx_word' id='word_1_482' title='bbox 1824 2335 2286 3127; x_wconf 95' lang='lat' dir='ltr'> </span> 
     </span>
    </p>
   </div>
   <div class='ocr_carea' id='block_1_14' title="bbox 133 3634 1472 3690">
    <p class='ocr_par' dir='ltr' id='par_1_16' title="bbox 133 3634 1472 3690">
     <span class='ocr_line' id='line_1_78' title="bbox 133 3634 1472 3690; baseline 0.009 -19"><span class='ocrx_word' id='word_1_483' title='bbox 133 3640 287 3682; x_wconf 86' lang='lat' dir='ltr'>tempus</span> <span class='ocrx_word' id='word_1_484' title='bbox 316 3634 551 3682; x_wconf 86' lang='lat' dir='ltr'>periodicum</span> <span class='ocrx_word' id='word_1_485' title='bbox 580 3637 753 3677; x_wconf 83' lang='lat' dir='ltr'>satellitis</span> <span class='ocrx_word' id='word_1_486' title='bbox 772 3639 808 3678; x_wconf 92' lang='lat' dir='ltr'>L</span> <span class='ocrx_word' id='word_1_487' title='bbox 828 3640 927 3679; x_wconf 86' lang='lat' dir='ltr'>circa</span> <span class='ocrx_word' id='word_1_488' title='bbox 945 3641 1173 3690; x_wconf 83' lang='lat' dir='ltr'>primarium</span> <span class='ocrx_word' id='word_1_489' title='bbox 1228 3646 1252 3670; x_wconf 71' lang='lat' dir='ltr'>a</span> <span class='ocrx_word' id='word_1_490' title='bbox 1270 3642 1286 3671; x_wconf 68' lang='lat' dir='ltr'><strong>t</strong></span> <span class='ocrx_word' id='word_1_491' title='bbox 1298 3641 1316 3671; x_wconf 81' lang='lat'>¹²</span> <span class='ocrx_word' id='word_1_492' title='bbox 1411 3637 1429 3673; x_wconf 65' lang='grc' dir='ltr'><em>θ</em></span> <span class='ocrx_word' id='word_1_493' title='bbox 1455 3638 1472 3672; x_wconf 74' lang='lat'><em>9</em></span> 
     </span>
    </p>
   </div>
   <div class='ocr_carea' id='block_1_15' title="bbox 133 3685 1172 3853">
    <p class='ocr_par' dir='ltr' id='par_1_17' title="bbox 133 3685 1172 3853">
     <span class='ocr_line' id='line_1_79' title="bbox 136 3685 386 3725; baseline 0.004 -2"><span class='ocrx_word' id='word_1_494' title='bbox 136 3685 172 3724; x_wconf 93' lang='lat' dir='ltr'>P</span> <span class='ocrx_word' id='word_1_495' title='bbox 190 3687 338 3725; x_wconf 85' lang='lat' dir='ltr'>dicatur</span> <span class='ocrx_word' id='word_1_496' title='bbox 359 3690 386 3725; x_wconf 68' lang='grc' dir='ltr'>Α.</span> 
     </span>
     <span class='ocr_line' id='line_1_80' title="bbox 136 3739 1070 3795; baseline 0.007 -18"><span class='ocrx_word' id='word_1_497' title='bbox 136 3739 332 3778; x_wconf 86' lang='lat' dir='ltr'>Distantia</span> <span class='ocrx_word' id='word_1_498' title='bbox 354 3741 380 3778; x_wconf 91' lang='lat' dir='ltr'>S</span> <span class='ocrx_word' id='word_1_499' title='bbox 404 3741 437 3778; x_wconf 89' lang='lat' dir='ltr'>P</span> <span class='ocrx_word' id='word_1_500' title='bbox 456 3740 747 3794; x_wconf 89' lang='lat' dir='ltr'>qualiscumque</span> <span class='ocrx_word' id='word_1_501' title='bbox 766 3745 825 3789; x_wconf 86' lang='lat' dir='ltr'>sit,</span> <span class='ocrx_word' id='word_1_502' title='bbox 856 3745 1007 3785; x_wconf 89' lang='lat' dir='ltr'>dicatur</span> <span class='ocrx_word' id='word_1_503' title='bbox 1025 3761 1070 3795; x_wconf 91' lang='lat' dir='ltr'>z;</span> 
     </span>
     <span class='ocr_line' id='line_1_81' title="bbox 133 3792 1172 3853; baseline 0.011 -24"><span class='ocrx_word' id='word_1_504' title='bbox 133 3792 230 3832; x_wconf 85' lang='lat' dir='ltr'>ratio</span> <span class='ocrx_word' id='word_1_505' title='bbox 261 3794 290 3834; x_wconf 90' lang='lat' dir='ltr'>S</span> <span class='ocrx_word' id='word_1_506' title='bbox 322 3793 366 3853; x_wconf 26' lang='lat' dir='ltr'>P.</span> <span class='ocrx_word' id='word_1_507' title='bbox 390 3793 440 3832; x_wconf 89' lang='lat' dir='ltr'>ad</span> <span class='ocrx_word' id='word_1_508' title='bbox 472 3794 499 3832; x_wconf 90' lang='lat' dir='ltr'><strong>S</strong></span> <span class='ocrx_word' id='word_1_509' title='bbox 531 3794 570 3832; x_wconf 90' lang='lat' dir='ltr'>V</span> <span class='ocrx_word' id='word_1_510' title='bbox 601 3808 690 3846; x_wconf 81' lang='lat' dir='ltr'>quae</span> <span class='ocrx_word' id='word_1_511' title='bbox 721 3795 835 3836; x_wconf 84' lang='lat' dir='ltr'>datur</span> <span class='ocrx_word' id='word_1_512' title='bbox 865 3811 934 3848; x_wconf 88' lang='lat' dir='ltr'>per</span> <span class='ocrx_word' id='word_1_513' title='bbox 968 3800 1172 3842; x_wconf 74' lang='lat' dir='ltr'>Phaenom.</span> 
     </span>
    </p>
   </div>
   <div class='ocr_carea' id='block_1_16' title="bbox 1234 3411 2192 3770">
    <p class='ocr_par' dir='ltr' id='par_1_18' title="bbox 1236 3411 1717 3459">
     <span class='ocr_line' id='line_1_82' title="bbox 1236 3411 1717 3459; baseline 0.002 -13"><span class='ocrx_word' id='word_1_514' title='bbox 1236 3411 1348 3448; x_wconf 88' lang='lat' dir='ltr'>marii</span> <span class='ocrx_word' id='word_1_515' title='bbox 1373 3411 1505 3447; x_wconf 81' lang='lat' dir='ltr'>divisae</span> <span class='ocrx_word' id='word_1_516' title='bbox 1532 3423 1600 3458; x_wconf 85' lang='lat' dir='ltr'>per</span> <span class='ocrx_word' id='word_1_517' title='bbox 1622 3423 1717 3459; x_wconf 87' lang='lat' dir='ltr'>qua-</span> 
     </span>
    </p>

    <p class='ocr_par' dir='ltr' id='par_1_19' title="bbox 1235 3462 1712 3512">
     <span class='ocr_line' id='line_1_83' title="bbox 1235 3462 1712 3512; baseline 0 -12"><span class='ocrx_word' id='word_1_518' title='bbox 1235 3462 1344 3501; x_wconf 88' lang='lat' dir='ltr'>drata</span> <span class='ocrx_word' id='word_1_519' title='bbox 1384 3472 1605 3512; x_wconf 84' lang='lat' dir='ltr'>temporum</span> <span class='ocrx_word' id='word_1_520' title='bbox 1645 3476 1712 3511; x_wconf 87' lang='lat' dir='ltr'>pe-</span> 
     </span>
    </p>

    <p class='ocr_par' dir='ltr' id='par_1_20' title="bbox 1234 3510 2192 3646">
     <span class='ocr_line' id='line_1_84' title="bbox 1234 3510 2192 3598; baseline 0 -46"><span class='ocrx_word' id='word_1_521' title='bbox 1234 3515 1482 3561; x_wconf 82' lang='lat' dir='ltr'>riodicorum‚</span> <span class='ocrx_word' id='word_1_522' title='bbox 1538 3516 1617 3553; x_wconf 88' lang='lat' dir='ltr'>sive</span> <span class='ocrx_word' id='word_1_523' title='bbox 1666 3524 1712 3554; x_wconf 89' lang='lat' dir='ltr'>ut</span> <span class='ocrx_word' id='word_1_524' title='bbox 2008 3510 2134 3598; x_wconf 40' lang='grc' dir='ltr'>ἶῗῆῑΞ</span> <span class='ocrx_word' id='word_1_525' title='bbox 2163 3524 2192 3559; x_wconf 74' lang='lat' dir='ltr'>s</span> 
     </span>
     <span class='ocr_line' id='line_1_85' title="bbox 1237 3570 1710 3646; baseline -0.004 -5"><span class='ocrx_word' id='word_1_526' title='bbox 1237 3570 1305 3630; x_wconf 63' lang='lat' dir='ltr'><strong>P—z-</strong></span> <span class='ocrx_word' id='word_1_527' title='bbox 1333 3601 1383 3640; x_wconf 85' lang='lat' dir='ltr'>ad</span> <span class='ocrx_word' id='word_1_528' title='bbox 1409 3582 1484 3646; x_wconf 63' lang='grc' dir='ltr'>θ-Ξ,</span> <span class='ocrx_word' id='word_1_529' title='bbox 1504 3600 1595 3646; x_wconf 85' lang='lat' dir='ltr'>sive,</span> <span class='ocrx_word' id='word_1_530' title='bbox 1610 3599 1710 3639; x_wconf 88' lang='lat' dir='ltr'>sivis</span> 
     </span>
    </p>

    <p class='ocr_par' dir='ltr' id='par_1_21' title="bbox 1235 3695 2137 3770">
     <span class='ocr_line' id='line_1_86' title="bbox 1235 3695 2137 3770; baseline 0.004 -16"><span class='ocrx_word' id='word_1_531' title='bbox 1235 3717 1335 3755; x_wconf 89' lang='lat' dir='ltr'>Solis</span> <span class='ocrx_word' id='word_1_532' title='bbox 1376 3718 1528 3757; x_wconf 90' lang='lat' dir='ltr'>dicatur</span> <span class='ocrx_word' id='word_1_533' title='bbox 1577 3723 1611 3765; x_wconf 92' lang='lat'>1,</span> <span class='ocrx_word' id='word_1_534' title='bbox 1645 3720 1718 3758; x_wconf 84' lang='lat' dir='ltr'>erit</span> <span class='ocrx_word' id='word_1_535' title='bbox 1748 3720 1805 3759; x_wconf 84' lang='lat' dir='ltr'>vis</span> <span class='ocrx_word' id='word_1_536' title='bbox 1822 3720 1996 3770; x_wconf 86' lang='lat' dir='ltr'>primarii</span> <span class='ocrx_word' id='word_1_537' title='bbox 2022 3695 2137 3751; x_wconf 44' lang='grc' dir='ltr'>ἷὶ-Ε-ιῖ</span> 
     </span>
    </p>
   </div>
   <div class='ocr_carea' id='block_1_17' title="bbox 1289 3758 2285 3854">
    <p class='ocr_par' dir='ltr' id='par_1_22' title="bbox 1289 3758 2285 3854">
     <span class='ocr_line' id='line_1_87' title="bbox 1289 3758 2285 3854; baseline 0.002 -11"><span class='ocrx_word' id='word_1_538' title='bbox 1289 3802 1366 3843; x_wconf 87' lang='lat' dir='ltr'>Sed</span> <span class='ocrx_word' id='word_1_539' title='bbox 1403 3804 1460 3842; x_wconf 85' lang='lat' dir='ltr'>vis</span> <span class='ocrx_word' id='word_1_540' title='bbox 1497 3805 1669 3854; x_wconf 88' lang='lat' dir='ltr'>primarii</span> <span class='ocrx_word' id='word_1_541' title='bbox 1705 3806 1746 3844; x_wconf 85' lang='lat' dir='ltr'>in</span> <span class='ocrx_word' id='word_1_542' title='bbox 1783 3808 1988 3846; x_wconf 82' lang='lat' dir='ltr'>satellitem</span> <span class='ocrx_word' id='word_1_543' title='bbox 2024 3758 2285 3847; x_wconf 51' lang='grc' dir='ltr'>ἱξμέἰεὶειηιιᾶ</span> 
     </span>
    </p>
   </div>
   <div class='ocr_carea' id='block_1_18' title="bbox 1164 3874 1246 3912">
    <p class='ocr_par' dir='ltr' id='par_1_23' title="bbox 1164 3874 1246 3912">
     <span class='ocr_line' id='line_1_88' title="bbox 1164 3874 1246 3912; baseline -0.012 0"><span class='ocrx_word' id='word_1_544' title='bbox 1164 3874 1246 3912; x_wconf 80' lang='grc' dir='ltr'>Ε4</span> 
     </span>
    </p>
   </div>
  </div>
 </body>
</html>
