2528 4172
559 265 877 322 FLUXUS
916 267 1018 319 AC
1062 265 1485 319 REFLUXUS
1525 260 1804 316 MARIS.v
2143 271 2250 318 293

105 414 312 469 dratura
350 424 427 466 tot
462 414 671 465 minutis
708 421 828 481 post
863 411 1152 463 transitum.
1230 410 1562 461 Contrarium
1589 408 1760 460 evenit
1785 408 1828 458 si
1858 406 1939 458 vel
1970 406 2125 458 Luna
2151 412 2248 463 sub

107 509 276 561 Terra
302 508 367 559 ad
392 507 737 558 meridianum
762 502 1003 572 appellat,
1033 502 1114 553 vel
1144 501 1233 554 Sol
1267 501 1321 552 in
1347 500 1566 552 solstitio
1590 499 1816 570 hyemali
1840 507 2087 549 versetur.
2163 500 2251 552 Ex

102 599 185 651 his
225 598 383 669 igitur
420 597 669 660 formulis,
714 596 758 646 si
797 593 987 646 tabulae
1022 593 1380 655 adhibeantur,
1412 611 1518 644 non
1557 593 1655 644 erit
1691 591 1897 643 difficile
1932 609 2030 659 pro
2068 592 2249 661 quovis

101 688 219 740 loco
259 687 442 740 Terrae
480 686 546 738 ad
585 684 802 756 quodvis
838 694 1041 752 tempus
1068 683 1300 746 definire,
1330 692 1578 752 quantum
1604 681 1833 732 maxima
1859 698 2007 751 aquae
2035 680 2251 733 elevatio

104 775 378 829 transitum
415 775 584 825 Lunae
620 791 715 842 per
751 771 1094 823 meridianum
1121 772 1202 823 vel
1227 770 1523 840 praecedere
1548 770 1630 821 vel
1656 770 1801 840 sequi
1827 769 2040 832 debeat3
2079 771 2251 838 cujus-

101 866 246 919 modi
286 865 679 934 supputationes
718 865 1000 914 maximam
1042 864 1196 915 etiam
1236 862 1451 915 afferent
1499 862 1788 925 utilitatem,
1841 861 2051 932 quando
2095 862 2250 914 etiam

102 954 304 1007 inertiae
330 971 481 1023 aquae
507 953 639 1004 ratio
663 951 955 1003 habebitur.

172 1050 210 1112 ᾗ.
241 1050 327 1100 67.
369 1043 633 1105 Quoniam
658 1042 818 1113 igitur
844 1042 964 1093 satis
992 1050 1070 1093 est
1095 1040 1404 1110 expositum,
1433 1059 1537 1110 quo
1561 1050 1826 1093 momento
1851 1059 1993 1093 mare
2020 1039 2248 1093 maxime

105 1137 170 1187 sit
195 1135 466 1196 elevatum,
495 1133 777 1184 maximam
803 1150 1009 1202 quoque
1031 1131 1188 1182 maris
1215 1131 1600 1199 depressionem
1626 1131 1842 1182 definire
1868 1131 2251 1202 aggrediamur.

106 1226 188 1277 Ac
213 1221 382 1293 primo
410 1223 619 1293 quidem
645 1220 974 1272 manifestum
999 1230 1090 1283 est,
1133 1220 1175 1271 si
1201 1220 1310 1271 sola
1336 1220 1490 1271 Luna
1514 1237 1658 1271 mare
1687 1220 1921 1290 agitaret,
1962 1230 2074 1271 tum
2101 1220 2255 1271 mini-

105 1333 244 1366 mam
282 1332 429 1383 aquae
468 1311 792 1363 altitudinem
830 1310 1160 1361 observatum
1197 1309 1277 1371 iri,
1319 1327 1381 1359 eo
1417 1309 1532 1378 ipso
1557 1319 1837 1372 momento,
1877 1327 1981 1379 quo
2008 1309 2162 1360 Luna
2198 1309 2255 1360 in

104 1403 374 1454 horizonte
412 1409 676 1452 versetur:
717 1409 870 1469 atque
907 1398 1030 1449 hinc
1065 1398 1397 1467 perspicuum
1424 1408 1516 1461 est,
1555 1398 1694 1450 idem
1719 1417 1817 1449 usu
1844 1399 2019 1450 venire
2045 1399 2252 1462 debere,

108 1495 150 1546 si
191 1494 281 1546 Sol
319 1493 503 1544 eodem
538 1500 802 1542 momento
829 1508 1034 1559 quoque
1059 1489 1114 1539 in
1138 1488 1408 1540 horizonte
1435 1488 1636 1553 existat,
1675 1489 1729 1540 id
1757 1488 1895 1559 quod
1923 1488 2109 1540 accidit
2135 1488 2256 1540 cum

106 1582 379 1635 noviluniis
417 1579 528 1631 tum
565 1578 878 1647 pleniluniis.
957 1578 1218 1629 Praeterea
1254 1575 1377 1627 vero
1417 1577 1570 1628 etiam
1608 1577 1713 1627 ima
1751 1596 1884 1646 aqua
1921 1578 2258 1646 respondebit

107 1671 226 1722 situi
254 1671 422 1722 Lunae
448 1669 501 1718 in
527 1667 811 1729 horizonte,
842 1666 884 1717 si
910 1685 972 1717 eo
998 1675 1232 1733 tempore
1263 1665 1352 1717 Sol
1377 1665 1720 1716 meridianum
1740 1676 1974 1735 occupet,
2004 1667 2125 1737 quia
2144 1678 2257 1719 tum

106 1761 182 1812 vis
214 1759 348 1813 Solis
374 1776 469 1826 per
493 1756 719 1807 notabile
746 1754 992 1823 temporis
1018 1754 1346 1805 intervallum
1371 1773 1540 1824 neque
1565 1764 1782 1825 augetur
1808 1775 1906 1807 nec
1932 1757 2256 1821 diminuitur,

108 1850 308 1902 etiamsi
334 1859 442 1900 tum
471 1865 604 1916 aqua
628 1864 735 1896 non
760 1853 963 1896 tantum
989 1844 1325 1912 deprimatur,
1366 1841 1520 1914 quam
1547 1845 1683 1895 circa
1706 1845 1973 1897 novilunia
1997 1865 2058 1897 ac
2091 1847 2259 1915 pleni-

64 1951 67 1956 '
107 1939 266 1991 lunia.
346 1936 610 1987 Ponamus
648 1933 822 2004 igitur,
863 1931 966 2002 quo
1006 1932 1230 2001 reliquos
1257 1950 1404 1982 casus
1431 1932 1742 1996 evolvamus,
1783 1932 1909 1983 dum
1935 1933 2091 1986 Luna
2115 1934 2260 1986 hori-

109 2040 313 2082 zontem
339 2037 572 2095 occupat,
618 2025 792 2078 Solem
827 2025 892 2075 ab
929 2024 1197 2075 horizonte
1233 2026 1519 2085 removeri3
1558 2022 1658 2074 hoc
1685 2042 1810 2094 ergo
1838 2043 1959 2075 casu
1985 2045 2118 2095 aqua
2148 2027 2261 2095 jam

110 2120 409 2181 elevabitur,
453 2136 523 2169 ex
563 2135 666 2186 quo
704 2133 915 2166 necesse
955 2124 1033 2165 est
1071 2114 1227 2164 imam
1267 2131 1455 2183 aquam
1497 2122 1615 2164 ante
1656 2113 1934 2164 adventum
1981 2114 2150 2166 Lunae
2194 2116 2263 2167 ad

108 2211 430 2262 horizontem
458 2208 701 2269 extitisse,
732 2203 914 2257 contra
938 2202 1062 2256 vero
1090 2203 1131 2255 si
1156 2203 1282 2254 dum
1322 2203 1476 2254 Luna
1500 2203 1554 2253 in
1580 2202 1849 2254 horizonte
1874 2214 2125 2268 versatur,
2170 2205 2263 2259 Sol

110 2300 178 2351 ad
213 2299 535 2350 horizontem
573 2296 969 2365 appropinquet,
1009 2294 1141 2362 aqua
1179 2290 1377 2343 tardius
1417 2291 1609 2343 scilicet
1644 2301 1764 2360 post
1788 2292 2063 2361 appulsum
2091 2294 2262 2347 Lunae

111 2391 179 2442 ad
215 2389 536 2441 horizontem
576 2387 854 2456 continget.
932 2385 1194 2436 Ponamus
1220 2383 1392 2453 itaque
1420 2384 1627 2435 Lunam
1654 2395 1773 2436 ante
1798 2395 1970 2436 ortum
1998 2387 2094 2437 sub
2120 2385 2263 2438 hori-

112 2490 263 2532 zonte
302 2480 362 2531 H
388 2478 424 2529 h
461 2479 514 2528 in
554 2482 581 2527 ἱ)
620 2477 791 2528 adhuc
828 2476 1037 2537 versari,
1082 2474 1360 2544 Solemque
1398 2475 1451 2525 in
1493 2479 1540 2527 Θ
1586 2494 1696 2526 esse
1732 2477 1975 2545 positum,
2017 2478 2157 2530 unde
2193 2480 2261 2531 ad

112 2568 456 2620 meridianum
497 2566 541 2618 P
569 2566 611 2617 Z
641 2566 701 2617 H
738 2563 1120 2635 progrediatur,
1161 2562 1363 2633 hocque
1391 2564 1505 2632 ipso
1530 2575 1795 2616 momento
1821 2584 2009 2635 aquam
2034 2568 2262 2621 maxime

114 2678 225 2711 esse
261 2658 576 2727 depressam.
652 2656 880 2707 Necesse
917 2654 1076 2725 igitur
1109 2665 1201 2717 est,
1241 2664 1300 2706 ut
1325 2654 1713 2707 decrementum
1738 2668 2160 2711 momentaneum
2185 2661 2262 2713 vis

116 2750 284 2802 Lunae
315 2747 381 2798 ad
413 2764 555 2797 mare
589 2744 905 2796 movendum
942 2744 1152 2821 aequale-
1168 2745 1233 2795 sit
1257 2744 1576 2796 incremento
1601 2757 1964 2799 momentaneo
1989 2749 2065 2800 vis
2108 2751 2260 2802 Solis.

116 2838 205 2891 Ad
229 2836 366 2889 hanc
392 2834 737 2905 aequalitatem
762 2833 1126 2885 declarandam
1153 2834 1217 2885 sit
1242 2834 1417 2905 anguli
1448 2838 1475 2883 2)
1512 2836 1557 2886 P
1579 2835 1630 2888 O
1656 2836 1722 2887 ad
1747 2837 1927 2905 polum
1955 2841 2127 2903 sumti,
2157 2841 2262 2893 dis-

113 2929 328 3005 tantiam
357 2928 525 2980 Lunae
552 2945 583 2977 a
608 2944 702 2977 suo
728 2934 847 2977 ortu
875 2924 926 2976 O
953 2924 1241 2988 indicantis,
1280 2926 1422 2976 sinus
1447 2952 1505 2972 =
1531 2926 1583 2978 V
1608 2936 1660 2979 et
1685 2928 1891 2980 cosinus
1915 2956 1973 2976 =
1999 2949 2046 2994 v,
2077 2931 2166 3001 qui
2190 2932 2262 2984 ob

114 3018 361 3091 angulum
401 3020 429 3067 i>
473 3016 516 3068 P
547 3015 597 3067 O
637 3014 788 3066 valde
823 3031 1041 3082 parvum
1079 3013 1192 3065 tuto
1230 3014 1363 3066 sinui
1401 3017 1496 3069 toti
1537 3025 1558 3068 l
1593 3018 1805 3087 aequalis
1833 3021 2035 3089 concipi
2073 3032 2261 3091 potest.

117 3108 336 3161 Invento
376 3124 501 3177 ergo
523 3104 726 3175 angulo
764 3103 867 3154 hoc
915 3106 942 3152 D
984 3102 1029 3154 P
1066 3102 1116 3155 Ο
1163 3122 1253 3155 seu
1293 3123 1418 3156 arcu
1457 3108 1734 3176 aequatoris
1778 3108 1853 3158 illi
1896 3111 2258 3178 respondente,

115 3219 279 3271 eoque
304 3201 357 3251 in
383 3211 587 3268 tempus
614 3215 881 3259 converse,
910 3197 1166 3249 constabit
1192 3207 1386 3267 quanto
1411 3201 1658 3268 temporis
1689 3182 1959 3254 intervallo
1997 3203 2100 3256 ima
2128 3225 2262 3276 aqua

115 3290 389 3360 appulsum
427 3291 595 3342 Lunae
631 3288 699 3339 ad
735 3287 1058 3338 horizontem
1099 3288 1388 3356 praecedat:
1439 3289 1576 3340 idem
1615 3288 1739 3342 vero
1780 3291 2007 3345 calculus
2047 3305 2154 3346 tam
2194 3295 2261 3347 ad

118 3372 287 3436 Lunae
312 3400 552 3434 occasum
578 3377 734 3451 quam
753 3379 820 3431 ad
839 3379 1185 3431 accessionem
1200 3379 1343 3431 >Solis
1369 3380 1436 3431 ad
1460 3381 1783 3434 horizontem
1802 3382 1951 3436 facile
1970 3403 2263 3439 accommo-

117 3472 340 3524 dabitur.
2186 3468 2206 3478 “

189 3569 230 3631 ᾗ.
257 3572 342 3617 68.
384 3563 574 3614 Positis
601 3580 742 3613 nunc
768 3561 819 3613 A
844 3571 895 3609 ‘v‘
925 3582 956 3614 a
980 3571 1242 3631 aequatore
1268 3580 1328 3613 ac
1352 3571 1406 3607 ,222‘
1429 3572 1479 3610 ‘Y‘
1505 3566 1556 3615 a
1585 3563 1836 3632 ecliptica,
1874 3563 1940 3617 sit
1964 3565 2263 3619 elevationis

117 3653 225 3722 poli
271 3653 316 3704 P
340 3651 377 3703 h
415 3651 554 3703 sinus
591 3676 648 3697 =
688 3650 749 3714 P,
790 3650 995 3703 cosinus
1031 3676 1089 3696 =
1135 3668 1172 3720 p
1189 3669 1203 3712 3
1256 3651 1396 3702 sinus
1435 3651 1791 3704 declinationis
1832 3653 2002 3705 Lunae
2038 3655 2262 3707 borealis

137 3780 164 3827 ἱ)
199 3777 247 3829 L
274 3800 330 3819 =
359 3775 426 3839 R,
456 3753 660 3828 cosinus
689 3800 745 3819 =
771 3793 828 3837 r3
868 3792 935 3825 ex
960 3775 1145 3846 quibus
1170 3774 1260 3825 fiet
1284 3774 1460 3845 anguli
1491 3776 1542 3827 A
1566 3774 1609 3826 P
1632 3774 1683 3827 O
1708 3776 1913 3831 cosinus
1937 3801 1994 3823 =
2021 3776 2092 3785 ““
2120 3745 2165 3797 P
2191 3745 2261 3840 R,

2090 3847 2126 3898 p
2146 3848 2173 3881 r
