2528 4172
99 279 290 332 Lnffln
311 276 616 338 Tannus]
694 266 1099 325 PRINCIPIA
1140 256 1761 317 MATHEMATICA.
2213 262 2244 306 9

91 423 197 474 lem
233 419 712 491 refrangibilitatem
748 413 988 466 nonnihil
1030 411 1289 471 dilatatur,
1319 416 1370 458 et
1393 407 1508 457 haec
1536 401 1768 455 dilatatio
1794 398 2052 451 minorem
2087 395 2245 447 habet

92 511 343 561 rationem
369 509 436 560 ad
460 508 769 559 diametrum
804 502 949 555 Jovis
987 501 1041 550 in
1078 497 1400 568 longioribus
1436 504 1486 546 et
1506 490 1905 562 perfectioribus
1941 486 2235 555 telescopiis

92 595 249 668 quam
285 597 340 649 in
375 595 696 648 brevioribus
722 602 772 645 et
798 592 969 642 minus
986 587 1248 657 perfectis·
1326 585 1594 651 Tempora
1621 582 1807 652 quibus
1836 578 2079 632 satellites
2108 576 2230 638 du0,

92 689 291 757 primus
336 707 396 740 ac
438 687 635 750 tertius,
685 682 972 737 transibant
1006 694 1327 748 percorpus
1371 673 1536 736 JoviS,
1577 673 1642 724 ab
1679 671 1828 726 initio
1870 670 2135 740 ingressus
2173 666 2242 718 ad

92 781 295 832 initium
333 780 517 845 exitus,
560 788 612 830 et
647 777 713 829 ab
738 777 977 845 ingressu
1004 768 1264 838 completo
1290 765 1358 818 ad
1383 765 1583 817 exitum
1609 762 1941 831 completum,
1970 759 2243 810 observata

15 856 22 869 '
94 884 213 925 sunt
239 891 337 941 ope
363 869 626 938 telescopii
652 866 886 937 ejusdem
911 861 1180 933 longioris.
1257 857 1321 926 (Ρ)
1363 856 1435 908 Et
1460 854 1711 905 diameter
1737 851 1882 904 Jovis
1908 850 1963 900 in
1989 848 2241 900 mediocri

91 965 201 1033 ejus
240 981 271 1013 a
308 959 475 1013 Terra
515 957 755 1011 distantia
792 954 986 1026 prodiit
1010 970 1104 1021 per
1129 948 1403 1001 transitum
1435 945 1592 1015 primi
1632 943 1863 996 satellitis
1896 947 1991 1012 378

804 1047 1039 1114 Tempus
1066 1042 1221 1094 etiam
1247 1057 1350 1109 quo
1378 1038 1564 1089 umbra
1598 1036 1757 1106 primi
1783 1033 2013 1086 satellitis
2040 1032 2242 1084 transiit

93 1054 366 1105 transitum
404 1050 542 1102 tertii
580 1049 727 1121 375&

93 1218 161 1271 qui
205 1231 254 1257 ex
297 1217 477 1269 inaequali
521 1215 838 1268 refrangibilitate
881 1211 1059 1264 provenit
1094 1218 1140 1250 ut

163 1277 233 1311 96¹
331 1304 381 1343 ad
404 1275 466 1332 -4-
486 1331 496 1350 ‚
526 1315 595 1341 seu
621 1309 668 1340 ut
689 1307 706 1341 l
730 1301 779 1340 ad
802 1304 931 1348 12003
960 1297 1139 1337 distincta

99 1343 310 1377 72000000
406 1341 485 1376 250

93 1391 283 1441 siquidem
316 1390 399 1441 ejus
427 1388 561 1439 puncti
591 1387 712 1426 lucidi
745 1386 873 1437 imago
902 1392 941 1422 et
969 1380 1139 1421 maxime

94 1444 294 1492 splendida
312 1444 483 1482 continet
500 1443 656 1491 partem*
669 1439 809 1480 250²m.
844 1445 1033 1488 aperturae
1051 1436 1139 1474 vitri

96 1497 272 1547 objectivi
300 1496 445 1544 optime
474 1498 670 1540 elaborati,
707 1496 883 1546 neglecta.
912 1498 999 1533 luce
1028 1496 1136 1535 dibili

95 1557 135 1587 et
160 1549 395 1587 subobscura
421 1561 509 1597 quae
537 1549 745 1599 imaginem
776 1549 881 1586 illam
909 1549 1133 1588 circumdat.

97 1603 215 1641 Unde
234 1604 273 1640 in
292 1604 497 1651 telescopio
514 1601 628 1651 cujus
646 1607 826 1649 apertura
844 1605 900 1636 est
918 1602 944 1635 4
963 1597 1071 1647 digit.
1097 1604 1137 1634 et

95 1656 300 1707 longitudo
339 1660 414 1694 100
448 1654 536 1704 ped.
577 1654 697 1704 hujus
731 1652 913 1703 imaginis
948 1650 1137 1688 diameter

96 1717 201 1748 trans
227 1710 370 1747 vitrum
392 1707 546 1747 oculare
570 1707 651 1745 visa
669 1713 832 1755 occupat
852 1705 896 1742 ‘2¹'
917 1704 977 1742 4'''
995 1704 1057 1740 vel
1078 1702 1135 1749 3⁸,

95 1771 134 1801 et
157 1762 198 1799 in
225 1762 431 1811 telescopio
450 1762 560 1812 cujus
579 1769 757 1809 apertura
775 1767 832 1796 est
850 1758 1018 1796 duorum
1037 1756 1138 1806 digi-

95 1823 224 1854 torum
254 1824 293 1854 et
320 1815 524 1867 longitudo
558 1819 610 1852 20
637 1822 705 1851 aut
733 1818 787 1850 50
814 1812 900 1861 ped.
936 1810 1140 1859 occupabit

96 1870 226 1920 imago
244 1870 290 1909 5‘'
311 1869 374 1907 vel
402 1869 459 1908 δ”.
521 1867 659 1918 Itaque
686 1866 728 1903 in
755 1865 962 1913 telescopio
990 1865 1139 1913 optimo

100 1924 341 1973 Hugeniano
374 1927 448 1960 123
476 1920 563 1970 ped.
599 1932 705 1959 error
732 1920 806 1958 erit
835 1918 986 1957 circiter
1018 1917 1064 1955 2¹¹
1095 1913 1138 1955 in

95 1977 309 2015 minoribus
326 1976 461 2027 major.

151 2035 172 2057 *
198 2031 248 2068 In
275 2028 490 2077 telescopiis
516 2034 649 2066 autem
676 2024 780 2065 recte
807 2024 1025 2064 constitutis
1055 2024 1135 2063 sive

96 2083 312 2123 secundum
348 2082 536 2120 theoriam
584 2081 702 2129 Prop.
751 2080 868 2118 LVI.
917 2079 1139 2127 Dioptrices

101 2136 320 2189 Hughenii,
353 2136 394 2173 id
426 2141 584 2173 curatur
612 2140 656 2172 ut
691 2133 878 2171 aberratio
908 2132 1006 2170 lucis
1038 2132 1139 2170 circa

96 2191 308 2242 imaginem
334 2189 468 2238 puncti
486 2187 606 2226 lucidi
625 2187 772 2237 aequale
791 2194 954 2235 occupet
973 2186 1142 2234 spatium

96 2257 213 2294 super
243 2241 379 2289 retina,
409 2241 478 2280 sed
504 2241 635 2291 imago
663 2240 785 2289 ipsius
814 2239 953 2290 objecti
980 2239 1022 2276 in
1047 2238 1142 2276 tele-

97 2298 234 2346 scopiis
268 2296 480 2348 majoribus
515 2295 642 2345 majus
685 2300 850 2341 occupat
885 2294 1054 2341 spatium
1098 2291 1142 2329 in

97 2349 235 2398 retina,
289 2350 406 2400 idque
450 2347 669 2386 secundum
721 2347 909 2384 rationem
962 2345 1141 2383 radicum

96 2404 370 2455 quadratarum
387 2400 644 2453 longitudinis
661 2400 968 2448 telescopiorum.
1029 2399 1141 2449 Ergo

7 2461 40 2491 '2'
98 2457 167 2495 lux
199 2457 358 2496 erratica
386 2459 473 2506 quae
505 2454 641 2492 dilatat
672 2453 813 2504 objecti
841 2452 1053 2503 imaginem
1091 2454 1139 2490 ab

97 2519 260 2562 utraque
287 2511 370 2559 ejus
396 2508 635 2547 extremitate
648 2534 659 2553 ,
675 2506 866 2544 minorem
890 2508 1005 2544 habet
1023 2505 1140 2544 ratio-

98 2577 189 2602 nem
215 2564 264 2602 ad
291 2563 397 2601 illius
419 2561 557 2612 objecti
581 2561 845 2610 apparentiam
868 2559 911 2596 in
929 2560 1141 2610 majoribus

97 2617 312 2666 telescopiis
330 2615 448 2667 quarn
466 2616 508 2652 in
527 2614 754 2660 minoribus,
772 2614 813 2650 in
831 2613 979 2651 ratione
999 2626 1140 2662 nempe

98 2670 247 2709 inversa
264 2670 440 2709 radicum
458 2668 733 2720 quadratarum
759 2666 1017 2719 longitudinis
1043 2666 1139 2706 tele-

98 2736 327 2773 scop1orum.

155 2778 257 2817 Haec
285 2777 417 2816 omnia
453 2789 500 2815 ex
537 2775 714 2815 doctrina
747 2773 1008 2814 Newtoniana
1039 2774 1140 2813 circa

99 2831 243 2870 colores
260 2831 314 2870 ita
326 2832 410 2884 jam
428 2837 520 2869 sunt
531 2830 687 2882 cognita
704 2838 749 2867 ut
767 2842 813 2867 ea
829 2828 955 2867 fusius
969 2836 1007 2866 et
1025 2841 1140 2866 accu-

98 2883 219 2924 ratius
236 2885 496 2924 demonstrare
515 2883 772 2922 necessarium
799 2894 878 2919 non
901 2881 1135 2933 judicemus·

152 2943 217 2978 56.
262 2939 476 2989 Hugenius
503 2938 748 2987 planetarum
775 2936 907 2974 lucem
939 2935 1141 2974 obstaculo

100 2991 268 3043 quodam
286 2991 532 3041 intercipiens
549 2991 712 3041 majores
728 2989 876 3028 invenit
896 2988 1142 3038 planetarum

101 3045 305 3084 diametros
334 3044 454 3096 quam
477 3046 526 3083 ab
548 3044 632 3082 aliis
655 3043 901 3081 micrometro
932 3042 1139 3086 definitum

102 3106 182 3146 est3
210 3109 302 3137 nam
327 3098 397 3136 lux
414 3097 587 3144 erratica,
608 3096 675 3135 ubi
693 3096 838 3149 tegitur
856 3096 1021 3145 planeta,
1042 3096 1137 3133 vivi-

102 3151 272 3190 dior-ibus
294 3151 411 3190 radiis
428 3151 559 3189 minus
577 3158 820 3196 extenuatur,
840 3149 1006 3200 ideoque
1025 3149 1143 3188 latius

103 3204 305 3256 propagari
335 3204 498 3243 videtur.
565 3204 808 3243 Contrariam
839 3204 889 3241 ob
911 3215 1068 3241 causam
1098 3203 1144 3241 fit

104 3257 211 3307 quod
241 3257 405 3306 planetae
435 3258 477 3297 in
509 3256 599 3296 Sole
633 3256 716 3303 visi,
748 3255 907 3295 dilatata
937 3256 1026 3294 luce
1062 3269 1143 3294 non

104 3322 242 3360 parum
258 3317 515 3349 attenuentur.
541 3310 765 3349 Mercurius
777 3310 820 3347 in
838 3310 939 3356 Sole,
959 3309 1139 3357 Hevelio‚

109 3362 279 3402 Galletio
297 3371 336 3401 et
355 3363 514 3402 Halleio
531 3363 831 3409 observantibus
853 3375 930 3400 non
950 3365 1145 3413 superavit

109 3417 179 3454 12¹¹
207 3416 268 3454 vel
300 3415 383 3460 15'‘‚
416 3424 457 3455 et
486 3417 623 3455 Venus
659 3416 834 3455 Crabirio
866 3410 992 3454 solutri
1026 3417 1057 3455 1'
1083 3417 1141 3464 8¹¹,

109 3468 310 3509 Horroxio
340 3468 371 3507 1'
404 3468 471 3507 12‘
498 3481 686 3519 occupare
711 3470 791 3509 visa
815 3476 884 3515 est,
905 3482 994 3521 quae
1013 3477 1147 3508 tamen

101 3522 215 3574 juxta
240 3534 440 3560 mensuras
469 3522 625 3560 Hevelii
652 3530 690 3561 et
720 3523 902 3573 Hugenii
931 3522 1038 3561 extra
1069 3522 1148 3561 dis-

109 3588 201 3614 cum
218 3575 318 3615 Solis
337 3581 467 3624 captas
484 3573 641 3624 implere
661 3575 854 3615 debuisset
873 3576 944 3614 84¹¹
963 3576 1012 3614 ad
1031 3576 1149 3614 mini-

109 3640 231 3667 mum.
307 3628 369 3666 Sic
399 3634 439 3665 et
470 3627 597 3665 Lunae
628 3627 814 3673 diameter
844 3642 1031 3678 apparens
1058 3642 1147 3680 quae

110 3692 213 3719 anno
241 3686 354 3728 1682,
384 3680 517 3731 paucis
543 3680 680 3719 diebus
698 3680 787 3720 ante
805 3689 843 3720 et
860 3691 946 3731 post
973 3682 1149 3732 eclipsim

115 3734 214 3772 Solis
247 3741 468 3773 mensurata
512 3734 589 3771 fuit
626 3733 666 3770 in
703 3736 959 3773 observator-io
1004 3736 1146 3773 Parisi-

106 3786 194 3825 ensi
228 3787 292 3826 51'
331 3787 413 3834 30⁹,
452 3787 495 3825 in
530 3785 614 3838 ipsa
658 3786 792 3837 eclipsi
829 3800 909 3827 non
945 3790 1148 3839 superabat

1965 941 2043 1003 ff,
2073 953 2125 992 et
2149 957 2244 1008 per

1193 1207 1256 1247 50¹
1283 1206 1344 1245 vel
1370 1207 1434 1246 50⁴
1465 1207 1525 1246 5⁰.
1586 1205 1718 1252 Quare
1733 1212 1837 1255 patet
1868 1203 2077 1242 diametros
2106 1200 2242 1250 plane-

1193 1270 1322 1300 tarum
1359 1260 1465 1299 extra
1506 1260 1637 1302 Solem
1665 1258 1900 1298 minuendas
1932 1270 2026 1301 esse,
2066 1263 2105 1293 et
2140 1253 2243 1292 intra

1196 1315 1328 1354 Solem
1347 1314 1546 1365 augendas
1564 1313 1728 1351 minutis
1746 1313 1894 1363 aliquot
1912 1309 2105 1348 secundis.

1249 1369 1306 1420 (Ρ)
1334 1372 1399 1407 57.
1426 1371 1447 1393 *
1470 1371 1528 1408 Et
1553 1371 1735 1406 diameter
1762 1368 1862 1407 Jovis
1886 1367 1928 1406 in
1952 1363 2141 1407 mediocri,
2169 1361 2239 1398 &tn

1196 1421 1255 1460 Sit
1285 1421 1322 1460 T
1352 1420 1501 1467 Tellus,
1532 1422 1573 1459 A
1596 1421 1632 1458 B
1661 1419 1848 1458 diameter
1866 1416 1995 1461 Jovis,¹
2025 1415 2060 1453 P
2079 1415 2111 1453 F
2135 1415 2171 1452 G
2195 1415 2243 1452 M

1192 1474 1316 1513 orbita
1333 1474 1520 1521 satellitis,
1541 1473 1669 1512 ductis
1688 1487 1710 1511 e
1731 1471 1854 1511 Terra
1871 1470 1987 1511 radiis
2016 1469 2054 1507 T
2068 1469 2118 1512 A,
2152 1467 2188 1504 T
2206 1468 2241 1505 B

1190 1528 1273 1566 fere
1291 1528 1496 1576 paralleIIS,
1513 1528 1610 1566 dum
1630 1526 1782 1565 satelles
1800 1524 1982 1563 describit
1995 1534 2130 1561 arcum
2146 1522 2180 1558 P
2191 1534 2241 1569 p;

1190 1580 1385 1619 videbitur
1415 1594 1437 1620 e
1473 1580 1596 1620 Terra
1624 1580 1837 1619 describere
1868 1579 2102 1617 diametrum
2133 1575 2245 1615 Jovis

1195 1635 1234 1672 A
1259 1635 1294 1672 B
1324 1635 1388 1671 cui
1418 1636 1578 1686 aequalis
1606 1642 1662 1672 est
1690 1646 1802 1672 arcus
1834 1633 1869 1671 P
1886 1646 1912 1682 p
1931 1627 2242 1683 quamproxime,

1192 1695 1347 1738 propter
1379 1688 1569 1727 distantiae
1604 1689 1641 1727 T
1672 1687 1707 1725 P
1738 1686 2066 1738 magnitudinem.
2130 1681 2246 1720 Datis

1193 1750 1325 1779 autem
1344 1748 1518 1792 tempore
1541 1741 1738 1792 periodico
1757 1749 1795 1779 et
1814 1749 1988 1789 tempore
2005 1748 2083 1788 quo
2102 1735 2244 1773 descri-

1193 1795 1297 1833 bitur
1319 1794 1354 1833 P
1372 1810 1410 1847 p,
1440 1796 1555 1836 datur
1582 1796 1680 1834 ratio
1711 1795 1746 1834 P
1764 1808 1790 1845 p
1818 1794 1869 1833 ad
1895 1801 2022 1832 totum
2040 1789 2243 1837 circulum,

1197 3162 1266 3187 seu
1296 3149 1412 3188 datur
1443 3161 1555 3187 arcus
1585 3149 1620 3188 P
1639 3162 1677 3199 p,
1708 3150 1748 3187 in
1777 3150 1961 3201 gradibus
1985 3150 2045 3188 vel
2071 3151 2242 3200 partibus

1196 3203 1353 3255 gradus,
1392 3210 1431 3240 et
1465 3203 1558 3241 inde
1595 3202 1709 3241 datur
1746 3203 1931 3242 dimidius
1967 3217 2078 3243 arcus
2119 3201 2153 3243 P
2182 3206 2238 3252 H,

1197 3258 1364 3309 hincque
1390 3257 1553 3295 habetur
1580 3256 1749 3307 angulus
1780 3257 1815 3294 P
1837 3257 1869 3295 C
1900 3257 1943 3297 H
1971 3270 2039 3295 seu
2074 3259 2108 3296 A
2137 3256 2170 3295 C
2197 3258 2242 3295 P.

1197 3310 1224 3350 J
1227 3322 1290 3349 am
1308 3308 1398 3348 vero
1416 3308 1531 3348 datur
1553 3310 1587 3347 P
1606 3310 1638 3348 C
1660 3312 1708 3348 ob
1727 3310 1834 3348 datas
1852 3323 1920 3359 per
1938 3312 2243 3350 observationem

1198 3363 1462 3415 elongationes
1488 3363 1678 3401 maximas
1704 3363 1913 3401 satellitum
1934 3378 1956 3402 a
1975 3374 2106 3403 centro
2131 3365 2243 3405 Jovis

1198 3417 1240 3454 in
1269 3417 1450 3455 mediocri
1477 3416 1589 3456 Jovis
1607 3429 1631 3453 a
1651 3416 1810 3454 Tellure
1829 3415 2034 3463 distantiam
2064 3418 2181 3469 quare
2210 3433 2243 3457 st

1201 3470 1269 3508 fiat
1303 3472 1336 3508 A
1363 3471 1397 3508 B
1431 3469 1481 3508 ad
1512 3470 1548 3508 P
1569 3470 1601 3508 C
1628 3477 1673 3507 ut
1698 3469 1843 3519 duplus
1870 3470 1978 3508 sinus
2003 3472 2138 3523 anguli
2163 3472 2243 3511 dati

1208 3523 1242 3561 P
1266 3524 1298 3562 C
1330 3524 1388 3569 H,
1423 3523 1474 3561 ad
1504 3523 1634 3561 sinum
1667 3529 1805 3568 totum,
1840 3522 1995 3562 dabitur
2030 3527 2095 3570 (ex
2128 3525 2241 3577 trig.)

1203 3576 1392 3614 diameter
1419 3588 1606 3625 apparens
1634 3575 1743 3615 Jovls
1774 3589 1843 3614 seu
1871 3577 2041 3628 angulus
2072 3580 2108 3617 A
2133 3580 2169 3618 T
2192 3581 2241 3625 Β,

1201 3631 1274 3667 sub
1301 3641 1379 3680 quo
1406 3629 1556 3667 videtur
1574 3629 1615 3665 in
1634 3628 1818 3668 mediocri
1837 3630 1921 3681 ejus
1940 3645 1962 3669 a
1984 3632 2142 3671 Tellure
2166 3633 2245 3671 dis-

1203 3681 1337 3720 tantia.
1399 3681 1551 3720 Eodem
1570 3681 1689 3720 modo
1707 3691 1809 3732 patet
1829 3683 2077 3722 determinari
2098 3685 2243 3724 diame-

1200 3743 1303 3773 trum
1331 3735 1442 3775 Jovis
1468 3747 1537 3784 per
1563 3735 1767 3775 transitum
1791 3738 1939 3776 umbrae
1971 3739 2243 3779 hanc'diame-

1201 3796 1306 3827 trum
1325 3788 1592 3839 percurrenti&
2044 3799 2049 3805 ·
