2528 4172
287 273 390 318 212
787 266 894 319 DE
936 267 1189 318 CAUSA
1225 267 1571 320 PHYSICA-
1603 267 1918 321 FLUXUS

354 413 721 484 Sagacissimus
751 412 1008 479 Keplerus
1034 430 1177 463 mare
1204 412 1384 465 versus
1411 414 1617 465 Lunam
1641 415 1913 485 gravitare,
1949 422 2232 482 aestumque
2255 411 2410 463 maris

276 503 398 555 hinc
434 504 557 555 cieri
595 503 719 554 olim
756 504 972 554 monuit.
1050 502 1351 566 NewtonUS,
1397 504 1671 574 postquam
1709 504 1848 575 leges
1892 503 2154 574 gravitatis
2191 503 2411 553 detexis-

275 605 367 657 set,
407 594 604 644 invenit
639 593 989 662 aequilibrium
1034 594 1189 644 maris
1225 611 1333 643 non
1368 603 1475 644 tam
1510 593 1708 644 turbari
1745 591 1905 661 ipsius
1948 592 2199 663 gravitate
2234 589 2410 642 versus

276 685 498 746 Lunam,
540 681 695 752 quam
734 701 800 734 ex
837 682 1186 752 inaequalitate
1221 682 1298 732 vis
1337 681 1437 751 qua
1472 681 1741 749 particulae
1774 682 1929 732 maris
1955 681 2174 732 tendunt
2199 680 2265 731 ad
2301 680 2410 731 Lu-

275 790 393 824 nam
431 781 483 822 et
522 770 699 823 Solem
735 788 834 839 pro
871 770 1086 820 diversis
1124 769 1228 820 suis
1267 768 1519 820 distantiis
1555 769 1621 820 ab
1650 769 1838 819 horum
1872 768 2075 830 centris,
2113 768 2410 837 primusque

276 870 475 911 motum
520 858 676 910 maris
719 858 787 909 ad
830 868 994 909 certas
1037 858 1195 928 leges,
1241 867 1294 909 et
1336 856 1403 908 ad
1446 856 1700 908 calculum
1741 861 1983 908 revocare
2028 855 2218 907 docuit.
2310 855 2409 907 Fa-

279 951 493 1003 tendum
518 950 728 1021 quidem
754 960 831 1001 est
866 949 1131 1021 gravitatis
1158 968 1365 1001 causam
1401 949 1632 1021 ignotam
1658 967 1768 1001 esse
1793 949 1872 1001 vel
1898 949 2078 1001 saltem
2102 950 2374 1001 obscuram
2393 969 2407 1011 3

277 1061 497 1110 corpora
532 1051 706 1093 tamen
743 1060 850 1093 non
888 1051 1007 1093 sunt
1042 1041 1162 1093 ideo
1195 1041 1367 1093 minus
1404 1040 1596 1112 gravia.
1672 1041 1790 1094 Sint
1814 1043 1902 1112 qui
1926 1052 2155 1094 asserant
2191 1061 2410 1110 corpora

277 1134 421 1185 nullo
460 1134 688 1202 impulsu
724 1142 815 1184 aut
849 1133 900 1184 vi
938 1131 1168 1196 externa,
1210 1132 1301 1184 sed
1325 1132 1376 1184 vi
1402 1131 1628 1202 quadam
1651 1131 1827 1183 innata
1854 1125 1908 1183 se
1931 1131 2112 1183 mutuo
2138 1142 2378 1200 appetere
2393 1152 2406 1193 3

270 1219 451 1272 verum
489 1240 596 1273 non
632 1239 842 1291 aequum
879 1230 956 1272 est
991 1220 1181 1272 horum
1216 1220 1414 1271 somnia
1438 1220 1640 1272 veritati
1665 1219 1881 1271 afficere.
1957 1220 2064 1271 Alii
2089 1221 2258 1271 statim
2285 1239 2408 1271 con-

267 1309 468 1379 fugiant
502 1310 568 1360 ad
601 1309 957 1361 immediatum
995 1308 1236 1377 Supremi
1274 1308 1517 1360 Auctoris
1569 1308 1858 1377 imperium,
1895 1317 1974 1359 ast
2010 1327 2179 1379 neque
2219 1309 2408 1361 horum

267 1403 429 1454 nimia
465 1402 724 1454 festinatio
760 1401 1031 1471 probanda
1068 1412 1196 1463 est3»
1225 1420 1394 1470 neque
1429 1400 1639 1452 illorum
1674 1399 1934 1451 fastidium
1973 1400 2060 1470 qui
2096 1409 2173 1452 tot
2207 1412 2406 1451 naturae

269 1495 578 1545 testimoniis
622 1512 730 1545 non
777 1494 1051 1545 attendunt
1091 1493 1335 1562 quoniam
1378 1511 1531 1545 causa
1571 1493 1837 1564 gravitatis
1882 1503 1959 1544 est
2001 1494 2236 1545 obscura.
2311 1494 2406 1545 Vis

265 1587 533 1655 gravitatis
573 1596 650 1637 est
684 1585 836 1636 nobis
874 1584 1005 1636 adeo
1042 1584 1322 1648 familiaris,
1363 1586 1573 1655 ejusque
1597 1604 1840 1637 mensura
1864 1584 1995 1637 adeo
2020 1604 2118 1654 pro
2143 1596 2406 1653 comperto

269 1674 504 1737 habetur,
544 1684 603 1725 ut
626 1672 726 1724 hac
762 1673 827 1725 ad
865 1673 988 1724 alias
1013 1673 1148 1724 vires
1174 1673 1500 1724 aestimandas
1526 1672 1632 1725 fere
1670 1690 1872 1742 semper
1896 1683 2133 1736 utamur3
2173 1673 2325 1744 quam
2350 1674 2406 1725 in

275 1762 450 1825 Coelis,
479 1780 587 1813 non
623 1760 794 1813 minus
821 1761 976 1832 quam
1012 1762 1067 1813 in
1106 1762 1285 1814 Terris
1319 1763 1590 1826 dominari,
1626 1771 1677 1814 et
1710 1761 1995 1814 secundum
2021 1772 2212 1815 certam
2236 1763 2405 1833 legem

271 1850 451 1920 augeri
476 1860 527 1902 et
551 1850 717 1901 minui
743 1850 1114 1903 demonstravit
1137 1850 1216 1902 vir
1242 1851 1461 1902 eximius
1487 1860 1630 1902 tanta
1655 1869 1774 1902 cum
1799 1850 2054 1902 evidentia
2075 1861 2134 1902 ut
2157 1853 2405 1920 ‘majorem

265 1939 455 1992 frustra
481 1939 742 1993 desideres
764 1940 821 1991 in
846 1939 1009 1992 ardua
1033 1950 1085 1992 et
1109 1940 1305 1992 difficili
1329 1939 1428 1992 hac
1451 1939 1795 2010 philosophiae
1818 1948 1982 2009 parte,
2004 1957 2120 2010 quae
2140 1939 2205 1991 de
2229 1958 2403 1991 rerum

263 2029 430 2081 causis
457 2028 577 2099 agit.

335 2120 620 2172 Newtonus
665 2130 972 2190 argumento
1013 2120 1265 2190 singulari
1307 2120 1548 2184 ostendit,
1595 2120 1802 2173 Lunam
1844 2120 2019 2192 urgeri
2059 2118 2236 2172 versus
2279 2138 2402 2171 cen-

267 2222 406 2264 trum
451 2212 634 2263 Terrae
676 2212 728 2262 vi
772 2229 890 2280 quae
936 2210 1132 2279 (habita
1172 2212 1371 2262 ratione
1414 2211 1794 2277 distantiarum)
1841 2229 1958 2261 cum
2000 2210 2249 2280 gravitate
2289 2228 2402 2261 cor-

263 2320 452 2370 porum
490 2300 812 2351 terrestrium
845 2299 1000 2368 plane
1034 2300 1300 2370 congruit3
1340 2299 1479 2368 quali
1513 2299 1734 2351 Terram
1765 2296 1941 2350 versus
1969 2298 2173 2360 Lunam
2210 2298 2402 2366 pariter

260 2390 437 2459 urgeri
465 2406 618 2457 aequo
636 2389 755 2457 jure
779 2388 1095 2440 censendum
1120 2399 1212 2440 est.
1295 2387 1432 2440 Cum
1458 2406 1646 2457 corpus
1671 2388 1882 2458 aliquod
1910 2386 2087 2440 versus
2112 2388 2252 2439 aliud
2287 2387 2399 2457 pel-

258 2474 397 2539 litur,
446 2476 567 2527 inde
612 2476 821 2545 quidem
858 2476 1000 2529 haud
1042 2470 1271 2546 sequitur
1312 2477 1414 2528 hoc
1452 2475 1629 2529 versus
1666 2477 1796 2528 illud
1832 2477 1985 2529 simul
2026 2478 2216 2548 urgeri.
2294 2478 2399 2529 Ve-

258 2560 377 2614 rum
419 2564 546 2634 quid
583 2563 649 2614 de
686 2563 937 2634 gravitate
974 2582 1251 2632 corporum
1276 2565 1561 2619 coelestium
1599 2565 1925 2617 sentiendum
1962 2565 2042 2627 sit,
2082 2584 2148 2616 ex
2183 2565 2245 2616 iis
2280 2582 2397 2635 quae

260 2661 524 2720 comperta
563 2662 682 2704 sunt
707 2652 773 2704 de
810 2653 1061 2724 gravitate
1087 2671 1365 2722 corporum
1391 2653 1711 2705 terrestrium
1737 2653 1978 2723 (aliisque
2000 2653 2194 2704 viribus
2221 2652 2399 2704 simili-

259 2743 379 2808 bus)
408 2741 604 2812 optime
630 2742 983 2813 dignoscitur3
1022 2739 1141 2792 cum
1165 2760 1261 2810 per
1284 2742 1419 2794 hanc
1452 2742 1520 2793 ad
1556 2742 1697 2794 illam
1721 2741 2101 2813 agnoscendam
2127 2740 2394 2804 ducamur,

260 2832 468 2903 sintque
509 2831 856 2901 phaenomena
897 2833 1110 2883 omnino
1154 2832 1355 2884 similia.
1437 2831 1600 2885 Mons
1638 2833 1860 2904 gravitat
1899 2832 1954 2883 in
1992 2832 2228 2894 Terram,
2268 2841 2319 2883 et
2353 2831 2398 2882 si

263 2926 433 2977 Terra
465 2943 572 2977 non
610 2934 820 2996 urgeret
854 2934 1085 2976 montem
1110 2925 1161 2975 vi
1198 2924 1384 2995 aequali
1410 2933 1462 2976 et
1487 2923 1759 2987 contraria,
1801 2923 1967 2976 Terra
1995 2942 2026 2974 a
2048 2932 2222 2974 monte
2246 2922 2396 2990 pulsa

257 3023 497 3085 pergeret
533 3031 652 3064 cum
688 3022 833 3064 motu
870 3013 1153 3064 accelerato
1190 3014 1257 3064 in¹
1280 3013 1557 3065 infinitum.
1642 3011 1813 3065 Porro
1851 3021 2011 3063 status
2037 3012 2257 3080 cujusvis
2286 3030 2394 3082 sys-

258 3105 459 3156 tematis
498 3122 777 3173 corporum
816 3104 871 3172 (i.
898 3122 942 3155 e.
986 3113 1159 3155 motus
1203 3104 1365 3156 centri
1399 3104 1686 3175 gravitatis)
1731 3099 2020 3154 necessario
2061 3101 2298 3153 turbatur
2327 3102 2393 3153 ab

257 3194 397 3243 omni
435 3194 637 3247 actione
673 3194 755 3245 cui
792 3211 900 3244 non
937 3193 1152 3263 aequalis
1191 3203 1243 3245 et
1279 3194 1538 3246 contraria
1563 3202 1641 3245 est
1665 3193 1834 3263 aliqua
1858 3191 2066 3255 reacti0,
2106 3191 2177 3242 ita
2213 3201 2271 3243 ut
2305 3192 2394 3243 vix

257 3283 537 3352 quidquam
560 3302 791 3352 perenne
817 3292 907 3335 aut
932 3293 1172 3335 constans
1198 3284 1300 3335 dici
1323 3285 1486 3353 possit
1510 3285 1563 3335 in
1591 3292 1865 3353 systemate
1892 3283 1934 3334 si
1958 3282 2073 3334 haec
2107 3283 2194 3333 lex
2221 3283 2393 3334 locum

255 3388 362 3422 non
398 3372 599 3425 habeat.
677 3371 914 3443 Cumque
952 3373 1134 3425 Terrae
1168 3383 1341 3443 partes
1378 3375 1451 3426 ita
1487 3392 1690 3443 semper
1724 3374 1779 3425 in
1816 3392 1871 3425 se
1904 3372 2085 3426 mutuo
2123 3383 2294 3444 agant,
2334 3381 2392 3423 ut

256 3469 424 3511 motus
449 3461 613 3513 centri
648 3462 911 3533 gravitatis
938 3461 1120 3513 Terrae
1145 3461 1441 3515 nullatenus
1465 3463 1702 3514 turbetur
1727 3482 1757 3513 a
1780 3462 1972 3514 mutuis
2000 3480 2276 3530 corporum
2300 3470 2391 3512 aut

257 3548 520 3619 agentium
557 3569 985 3622 quorumcunque
1024 3553 1366 3617 conflictibuS,
1415 3554 1520 3605 sive
1556 3553 1691 3604 intra
1735 3554 1840 3604 sive
1878 3561 2023 3604 extra
2068 3552 2392 3621 superficiem

257 3640 474 3690 sitorum
490 3659 503 3701 3
544 3640 827 3711 eademque
852 3643 939 3694 lex
965 3643 1194 3695 obtineat
1216 3644 1270 3694 in
1296 3644 1488 3695 viribus
1524 3643 1840 3713 magneticis,
1882 3642 2128 3694 electricis
2162 3642 2390 3709 aliisque,

256 3739 390 3782 teste
429 3730 768 3798 experientia,
800 3734 920 3799 jure
957 3734 1220 3784 concludit
1251 3733 1533 3785 Newtonus
1573 3732 1780 3784 Lunam
1805 3750 1910 3783 non
1937 3729 2134 3783 tantum
2168 3731 2221 3780 in
2260 3729 2392 3779 Ter-

260 3837 389 3880 ram,
431 3819 522 3869 sed
560 3819 692 3869 lianc
720 3839 923 3890 quoque
961 3824 1015 3873 in
1058 3824 1199 3874 illam
1239 3824 1509 3894 gravitare,
1550 3831 1601 3873 et
1632 3831 1899 3892 utramque
1944 3821 2077 3872 circa
2118 3836 2391 3871 commune
