2528 4172
296 297 401 349 272
710 291 1151 354 INQUISITIO
1193 291 1529 345 PHYSICA
1571 293 1654 344 IN
1694 293 2015 347 CAUSAM

366 439 405 500 §.
434 440 518 486 39.
561 420 838 484 Problema
861 431 977 493 hoc,
1006 430 1148 500 quod
1173 430 1437 500 hucusque
1462 431 1698 484 dedimus
1725 432 1966 497 solutum,
1996 434 2236 505 quodque
2260 426 2424 489 maxi-

296 523 366 574 mi
405 532 481 573 est
516 520 764 572 momenti
804 519 870 570 ad
906 519 1116 571 effectus
1154 518 1271 571 cum
1313 520 1446 572 Solis
1483 519 1593 571 tum
1632 521 1801 572 Lunae
1838 522 1893 572 in
1929 523 2059 573 mari
2097 522 2344 575 elevando
2375 536 2426 578 et

296 611 637 681 deprimendo
673 610 1015 672 definiendOS,
1056 605 1338 661 Newtonus
1381 629 1448 662 ne
1490 612 1658 682 attigit
1697 612 1921 682 quidem,
1965 614 2055 665 sed
2099 615 2250 665 aliam
2289 616 2425 667 viam

295 711 514 762 secutus,
554 717 662 750 non
701 698 869 753 solum
895 698 1214 761 indirectam,
1257 699 1347 750 sed
1374 700 1526 750 etiam
1552 718 1837 764 erroneam,
1877 701 2073 753 invenit
2096 721 2237 754 mare
2262 722 2292 754 a
2318 704 2424 756 sola

294 795 345 846 vi
386 793 519 845 Solis
558 792 625 843 ad
661 791 987 843 altitudinem
1022 791 1245 842 duorum
1270 790 1377 842 fere
1413 791 1608 859 pedum
1633 793 1822 844 elevari
1855 793 2070 855 debere3
2111 792 2229 845 cum
2254 804 2425 846 tamen

295 892 401 934 tam
426 881 644 934 eandem
669 882 773 932 vim
802 882 910 934 Soli
936 880 1221 933 absolutam
1249 880 1403 951 quam
1428 882 1642 933 eandem
1662 883 1953 935 distantiam
1981 904 2012 935 a
2038 884 2202 936 Terra
2231 904 2424 936 assum-

296 971 457 1033 sisset,
496 970 682 1040 quibus
718 988 813 1021 nos
849 987 1026 1021 sumus
1063 970 1159 1021 usi.
1239 969 1507 1022 Conclusit
1531 980 1701 1022 autem
1737 972 1876 1024 hunc
1902 991 2164 1024 enormem
2190 973 2424 1024 effectum

295 1109 362 1143 ex
388 1089 770 1159 comparatione
796 1090 872 1141 vis
901 1088 1034 1141 Solis
1061 1108 1152 1141 seu
1175 1090 1360 1141 valoris
1392 1059 1455 1171 ‚83
1482 1109 1598 1142 cum
1623 1091 1674 1142 vi
1708 1091 1890 1144 Terrae
1916 1092 2198 1164 centrifuga
2225 1113 2256 1144 a
2280 1102 2424 1145 motu

1385 1162 1416 1194 a

294 1234 482 1286 diurno
508 1232 636 1297 orta,
664 1231 764 1303 qua
793 1232 961 1285 Terra
980 1233 1076 1285 sub
1096 1242 1359 1303 aequatore
1384 1233 1681 1285 extenditur
1700 1253 1758 1286 ac
1779 1235 1995 1287 crassior
2019 1235 2252 1286 redditur
2272 1234 2425 1305 quam

295 1325 391 1376 sub
432 1323 595 1393 polis3
653 1332 806 1393 atque
849 1322 1062 1374 assumit
1100 1323 1436 1375 elevationem
1479 1341 1626 1392 aquae
1660 1342 1691 1374 a
1733 1324 1784 1374 vi
1829 1324 1963 1376 Solis
2003 1332 2170 1374 ortam
2209 1324 2425 1375 eandem

295 1423 471 1465 tenere
497 1411 686 1464 debere
711 1411 965 1463 rationem
990 1411 1057 1462 ad
1093 1411 1467 1463 incrementum
1493 1411 1676 1463 Terrae
1703 1413 1798 1472 sub
1823 1422 2084 1485 aequatore
2109 1431 2139 1463 a
2163 1413 2213 1464 vi
2240 1414 2425 1464 centri-

297 1498 421 1571 fuga
465 1500 673 1565 factum,
715 1497 869 1569 quam
905 1507 1078 1550 teneat
1113 1499 1189 1550 vis
1220 1498 1353 1551 Solis
1393 1499 1460 1550 ad
1496 1499 1600 1550 vim
1635 1499 1988 1570 centrifugam.
2069 1500 2173 1551 Sed
2212 1509 2427 1568 praeter-

298 1588 452 1661 quam
497 1590 638 1661 quod
674 1590 774 1641 hoc
815 1590 1139 1642 ratiocinium
1181 1590 1334 1641 nimis
1378 1589 1585 1641 infirmo
1626 1600 2032 1658 superstructum
2073 1588 2423 1651 fundamento,

294 1679 470 1731 nostra
495 1679 576 1731 via
603 1678 815 1742 directa,
858 1678 959 1749 qua
987 1697 1161 1730 sumus
1187 1679 1283 1741 usi,
1313 1678 1483 1730 statim
1508 1679 1780 1730 evertitur:
1821 1697 1887 1730 ex
1923 1678 2033 1747 ipsa
2060 1679 2197 1730 enim
2222 1680 2297 1730 rei
2333 1698 2425 1729 na-

296 1766 428 1829 tura,
467 1767 620 1833 nulli-s
658 1767 904 1835 precariis
929 1766 1163 1818 assumtis
1188 1766 1469 1835 principiis,
1507 1766 1842 1818 elevationem
1868 1784 2117 1836 aquarum
2144 1786 2176 1818 a
2200 1767 2250 1818 vi
2292 1767 2426 1818 Solis

302 1856 576 1907 oriundam
602 1854 794 1907 directe
821 1865 872 1908 et
895 1855 1181 1929 luculenter
1201 1855 1680 1907 determinavimus:
1709 1873 1768 1906 ac
1787 1855 1831 1906 si
1854 1854 2016 1905 ullum
2042 1854 2194 1905 etiam
2213 1854 2426 1905 dubium

296 1947 364 1998 ob
389 1947 783 2017 integrationem
808 1965 903 2015 per
928 1945 1397 2015 approximationes
1422 1954 1623 1996 tantum
1647 1944 1937 1996 institutum
1961 1953 2191 2006 restaret,
2225 1943 2281 1994 id
2304 1961 2429 1994 mox

295 2035 520 2099 tolletur,
562 2034 680 2088 cum
717 2034 850 2087 infra
885 2036 1024 2088 idem
1066 2036 1341 2088 Problema
1378 2034 1474 2088 alia
1500 2035 1746 2089 methodo
1781 2053 1993 2106 prorsus
2018 2033 2217 2087 diversa
2251 2053 2427 2087 sumus

296 2125 588 2188 resoluturi,
618 2136 1088 2196 congruentemque
1114 2125 1419 2177 solutionem
1445 2124 1739 2177 exhibituri.

368 2219 407 2282 ᾗ.
434 2222 519 2267 40.
562 2214 813 2276 Quamvis
851 2224 1023 2266 autem
1060 2215 1155 2266 iste
1196 2215 1328 2267 Solis
1367 2213 1575 2266 effectus
1613 2214 1667 2264 in
1702 2214 1832 2265 mari
1868 2223 1975 2265 tam
1999 2211 2248 2265 elevando
2274 2210 2428 2282 quam

296 2301 635 2371 deprimendo
670 2320 778 2353 non
815 2300 945 2354 adee
979 2312 1147 2353 certus
1172 2312 1223 2354 et
1246 2292 1430 2372 planus
1457 2320 1567 2353 esse
1602 2301 1835 2353 videatur
1860 2301 1928 2352 ob
1952 2300 2239 2369 parallaxin
2276 2300 2426 2362 Solis,

295 2413 450 2464 quam
479 2395 577 2445 10''
613 2393 960 2456 assumsimus,
1001 2392 1235 2444 nondum
1261 2390 1638 2444 accuratissime
1665 2390 1964 2452 definitam3
2003 2409 2034 2441 a
2069 2389 2168 2460 qua
2194 2399 2296 2441 tam
2325 2388 2428 2439 dis-

295 2482 457 2535 tantia
486 2482 620 2534 Solis
645 2501 676 2534 a
702 2481 869 2533 Terra
896 2501 942 2545 a,
982 2480 1136 2552 quam
1161 2482 1432 2534 aestimatio
1457 2481 1532 2533 vis
1557 2480 1807 2533 absolutae
1835 2480 1890 2543 S,
1928 2479 2149 2549 pendet:
2188 2489 2360 2530 tamen
2386 2478 2429 2529 si

1967 2570 2004 2620 S

296 2621 408 2655 rem
433 2601 676 2655 attentius
699 2602 1096 2671 perpendamuS,
1136 2603 1507 2671 comperiemus
1534 2601 1919 2671 expressionem
1949 2642 2018 2682 -ἓ
2032 2599 2285 2670 perpetuo
2303 2619 2427 2651 eun-

297 2743 416 2796 dem
455 2744 676 2795 retinere
715 2744 959 2808 valorem,
1011 2761 1374 2814 quaecumque*
1403 2744 1512 2797 Soli
1559 2743 1835 2813 parallaxis
1885 2742 2171 2795 tribuatur:
2228 2740 2424 2793 mutata

297 2835 435 2887 enim
470 2834 737 2904 parallaxi,
777 2835 920 2887 valor
955 2834 1140 2887 litterae
1180 2835 1218 2887 S
1254 2833 1486 2904 praecise,
1506 2834 1561 2886 in
1597 2834 1775 2886 eadem
1809 2832 2021 2896 ratione,
2059 2832 2113 2882 in
2139 2830 2238 2901 qua
2266 2832 2426 2883 cubus

296 2924 554 2977 distantiae
590 2943 622 2975 a
643 2923 679 2988 3,
718 2924 1014 2977 mutabitur.
1092 2925 1196 2978 Per
1219 2924 1359 2996 leges
1385 2926 1522 2977 enim
1545 2924 1714 2978 motus
1740 2922 2031 2975 firmissime
2055 2921 2301 2974 stabilitas
2332 2939 2426 2988 pa-

828 3015 866 3066 S

295 3046 423 3099 tebit
447 3046 782 3117 quantitatem
813 3085 891 3151 {3
920 3066 951 3098 a
987 3047 1097 3099 solo
1135 3057 1365 3116 tempore
1400 3047 1664 3117 periodico
1691 3047 1872 3099 Terrae
1897 3045 2031 3097 circa
2058 3043 2231 3097 Solem
2258 3042 2426 3094 deter-

296 3191 495 3255 minari,
524 3191 668 3260 cujus
693 3190 950 3261 quantitas
975 3190 1352 3243 accuratissime
1379 3201 1457 3243 est
1482 3190 1707 3242 definita.
1784 3188 1944 3251 Quod
1969 3197 2027 3239 ut
2052 3185 2239 3238 clarius
2265 3203 2424 3253 appa-

297 3290 421 3342 reat,
455 3278 837 3331 consideremus
877 3279 1137 3348 planetam
1174 3298 1529 3350 quemcunque
1558 3279 1692 3330 circa
1720 3278 1894 3330 Solem
1930 3277 1984 3327 in
2008 3274 2174 3327 orbita
2202 3272 2425 3343 elliptica

297 3368 658 3431 revolventem,
700 3369 842 3438 cujus
879 3368 1141 3420 semi-axis
1178 3379 1494 3421 transversus
1532 3387 1622 3420 seu
1659 3367 1898 3418 distantia
1934 3386 1964 3418 a
2005 3367 2124 3419 Sole
2157 3365 2328 3417 media
2362 3364 2427 3415 sit

307 3477 359 3504 =
393 3450 460 3520 as
479 3459 555 3509 vis
592 3467 765 3510 autem
805 3457 943 3510 Solis
980 3458 1215 3510 absoluta
1249 3479 1300 3506 =
1337 3459 1391 3521 S,
1431 3452 1527 3509 erit
1563 3467 1764 3525 tempus
1796 3455 2117 3524 periodicum
2143 3471 2344 3521 semper
2368 3463 2426 3504 ut

298 3545 481 3596 axla
2070 3542 2426 3626 avaet—S-

332 3633 459 3682 VS

497 3597 510 3639 ;
548 3578 688 3647 quod
725 3581 768 3632 si
803 3580 961 3651 igitur
985 3590 1186 3649 tempus
1210 3580 1531 3649 periodicum
1556 3578 1620 3630 sit
1654 3599 1705 3627 =
1738 3589 1775 3642 t,
1816 3577 1913 3629 erit
1937 3588 1958 3629 t
1982 3587 2040 3629 ut

1373 3722 1408 3776 5

299 3750 376 3802 uti
400 3724 481 3854 ἱῙ-ἑ.
533 3750 620 3803 Ad
640 3751 865 3804 valorem
880 3763 1051 3806 autem
1070 3753 1329 3806 fractionis
1355 3751 1430 3834 23
1445 3751 1676 3805 absolute
1697 3751 2077 3814 inveniendum,
2107 3749 2423 3818 exprimatur

1349 3826 1381 3858 a

2353 3623 2426 3677 a3
