2528 4172
279 279 388 323 322
550 248 552 252 “
703 267 1148 331 lNQUISITIO
1188 265 1530 321 PHYSICA
1568 268 1653 320 IN
1694 268 2019 323 cAUsAM

277 414 401 467 vero
427 415 600 484 ipsum
626 412 906 464 discrimen
932 429 1053 463 cum
1079 409 1279 463 theoria
1307 410 1486 464 exacte
1513 411 1753 463 convenit
1767 431 1781 473 3
1806 410 1859 462 in
1884 411 2121 479 pluribus
2148 411 2285 464 enim
2307 432 2430 483 por-

277 506 435 558 tubus
474 512 630 556 aestus
670 503 928 553 maximos
971 512 1023 553 et
1062 503 1305 553 minimos
1349 503 1418 554 ad
1457 503 1714 554 calculum
1752 505 2123 568 revocavimus,
2167 515 2321 576 atque
2363 524 2431 558 ex

275 596 525 648 relatione
566 610 747 644 eorum
787 591 1092 643 relationem
1131 592 1267 644 inter
1307 591 1442 643 vires
1484 591 1654 643 Lunae
1696 610 1756 644 ac
1801 593 1940 645 Solis
1978 594 2427 665 investigavimus3

275 683 499 751 hincque
535 678 791 748 perpetuo
830 678 1050 730 eandem
1074 678 1181 730 fere
1208 679 1468 730 rationem
1505 680 1640 731 inter
1665 681 1799 732 vires
1831 681 1965 733 Solis
1997 699 2057 732 ac
2083 682 2252 733 Lunae
2278 683 2430 735 abso-

274 775 407 825 lutas
450 770 737 834 elicuimus,
785 769 1227 839 quemadmodum
1269 770 1325 821 id
1367 769 1489 822 fecit
1533 769 1819 823 Newtonus
1863 790 1931 823 ex
1980 772 2428 826 observationibus

277 864 510 918 Bristolii
551 874 602 916 et
642 863 962 933 Plymouthi,
1002 882 1098 915 nos
1126 862 1251 915 vero
1277 863 1332 914 in
1362 863 1526 915 Portu
1554 864 1754 916 Gratiae
1780 865 2044 929 institutis,
2084 867 2428 919 conclusioni·-

276 956 370 1006 bus
404 952 622 1005 mirifice
660 954 796 1005 inter
834 973 889 1005 se
926 955 1364 1025 congruentibus:
1406 954 1571 1025 qualis
1599 973 1878 1007 consensus
1903 956 2137 1025 profecto
2163 960 2428 1027 expectari

273 1062 380 1095 non
416 1052 609 1112 posset,
651 1042 693 1094 si
730 1042 935 1094 theoria
959 1043 1163 1094 veritati
1195 1061 1302 1094 non
1328 1052 1459 1095 esset
1485 1054 1845 1096 consentanea.
1922 1044 2107 1116 Neque
2134 1048 2289 1099 etiam
2315 1049 2429 1101 aliae

272 1132 489 1185 theoriae
516 1130 688 1183 adhuc
712 1132 1001 1200 productae,
1030 1131 1322 1201 cujusmodi
1349 1142 1469 1183 sunt
1497 1132 1723 1197 Galilaei,
1754 1132 1988 1186 Wallisii
2012 1144 2166 1204 atque
2189 1137 2437 1202 Cartesii9

272 1224 360 1294 qui
385 1240 594 1273 causam
622 1222 675 1272 in
701 1221 970 1289 pressione
997 1221 1168 1273 Lunae
1193 1218 1479 1285 collocavit,
1508 1221 1631 1274 huic
1655 1222 2004 1291 phaenomeno
2028 1223 2254 1293 perfecte
2281 1228 2429 1280 satis-

272 1315 484 1376 faciunt,
516 1312 607 1364 sed
633 1309 805 1381 potius
830 1310 1046 1380 prorsus
1073 1321 1391 1367 evertuntur.

342 1416 380 1477 ᾧ.
414 1417 531 1462 104.
591 1408 850 1469 Quintum
889 1407 1274 1476 phaenomenon
1317 1408 1372 1460 in
1414 1407 1515 1458 hoc
1555 1406 1818 1470 consistat,
1863 1405 2006 1478 quod
2046 1408 2426 1461 uniusmensis

269 1498 543 1552 intervallo
580 1499 797 1550 maximi
832 1508 986 1549 aestus
1011 1515 1119 1548 non
1146 1498 1246 1548 sint
1271 1497 1324 1560 ii,
1367 1497 1456 1566 qui
1478 1497 1747 1550 novilunia
1773 1515 1833 1548 ac
1869 1497 2156 1567 plenilunia
2186 1497 2426 1567 proxime

276 1593 637 1661 insequuntur,
680 1590 773 1642 sed
811 1597 1080 1660 sequentes
1106 1589 1246 1640 tertii
1272 1588 1466 1641 scilicet
1491 1589 1695 1640 circiter
1720 1589 1804 1641 vel
1841 1590 2026 1659 quarti,
2068 1590 2324 1660 similique
2348 1585 2439 1640 in-⁴

269 1683 485 1736 tervallo
511 1694 667 1735 aestus
697 1683 899 1734 minimi
924 1683 1137 1735 demum
1161 1691 1281 1751 post
1300 1677 1640 1752 quadraturas
1663 1681 1988 1752 contingunt.
2054 1682 2234 1751 Hujus
2254 1692 2427 1734 autem

272 1776 613 1846 phaenomeni
638 1776 771 1827 ratio
797 1776 850 1826 in
878 1781 915 1843 ᾗ.
945 1781 1031 1831 97.
1057 1774 1220 1827 fusius
1247 1786 1325 1827 est
1350 1775 1602 1844 exposita,
1630 1774 1723 1827 ubi
1748 1775 2084 1839 ostendimUS,
2115 1774 2236 1827 cum
2272 1787 2428 1829 aestus

271 1878 391 1920 ante
429 1868 663 1938 syzygias
701 1867 988 1919 incidentes
1027 1877 1197 1920 essent
1233 1867 1476 1930 minores,
1516 1866 1800 1917 maximam
1836 1866 1943 1918 v-im
1980 1885 2009 1917 a
2047 1866 2168 1919 Sole
2194 1876 2244 1918 et
2272 1867 2427 1919 Luna

273 1967 440 2009 ortam
478 1976 585 2008 non
624 1955 797 2008 subito
836 1967 1021 2009 aestum
1059 1957 1345 2008 maximum
1382 1956 1676 2025 producere
1710 1956 1898 2019 valere,
1940 1955 2033 2008 sed
2056 1955 2260 2009 tantum
2284 1977 2427 2010 mare

271 2049 339 2100 ad
378 2068 496 2101 cum
535 2059 726 2101 statum
761 2048 1038 2101 solicitare.
1119 2046 1257 2100 Cum
1289 2048 1450 2120 igitur
1485 2058 1607 2116 post
1632 2048 1865 2118 syzygias
1890 2047 1967 2099 vis
1993 2057 2180 2099 aestum
2204 2048 2428 2101 efficiens

273 2140 584 2191 sensibiliter
620 2158 728 2191 non
766 2139 1050 2201 decrescat,
1090 2148 1246 2190 aestus
1276 2138 1559 2189 etiamnum
1595 2148 1715 2205 post
1739 2136 1842 2188 hoc
1867 2146 2073 2205 tempus
2111 2137 2429 2190 incrementa

275 2229 463 2297 capiet,
493 2238 647 2298 atque
673 2227 791 2279 ideo
819 2228 1030 2280 demum
1054 2236 1174 2296 post
1200 2227 1434 2298 syzygias
1461 2226 1552 2278 fiet
1574 2226 1863 2288 maximus;
1892 2226 2175 2297 similisque
2200 2237 2277 2280 est
2295 2229 2427 2280 ratio

277 2317 637 2368 diminutionis
676 2326 911 2380 aestuum,
954 2335 1071 2387 quae
1097 2316 1380 2367 etiamnum
1413 2326 1533 2385 post
1558 2315 1899 2387 quadraturas
1927 2310 2229 2388 contingere
2254 2318 2423 2381 debet,

271 2409 343 2459 ita
368 2420 425 2460 ut
450 2419 605 2460 aestus
631 2408 832 2459 minimi
857 2408 1069 2459 demum
1094 2417 1214 2476 post
1234 2406 1575 2477 quadraturas
1595 2406 1847 2458 eveniant.
1915 2406 2235 2476 Hujusmodi
2254 2418 2427 2460 autem

271 2496 648 2548 retardationes
689 2496 967 2547 effectuum
1005 2515 1036 2547 a
1072 2495 1267 2547 viribus
1305 2495 1360 2546 in
1395 2493 1594 2546 mundo
1631 2493 1968 2545 existentibus
2011 2496 2425 2563 provenientium

273 2589 505 2658 quotidie
545 2587 753 2639 abunde
792 2588 1121 2656 experimur:
1161 2587 1228 2638 ob
1268 2586 1487 2638 similem
1524 2585 1663 2637 enim
1698 2585 1953 2636 rationem
1991 2586 2205 2656 singulis
2242 2585 2424 2639 diebus

272 2683 557 2733 maximum
585 2682 812 2734 calorem
836 2700 945 2733 non
969 2681 1024 2732 in
1049 2680 1165 2750 ipso
1189 2678 1405 2731 meridie
1426 2678 1697 2741 sentimus,
1727 2677 1926 2729 etiamsi
1961 2676 2066 2728 hoc
2089 2687 2322 2746 tempore
2347 2679 2424 2731 vis

277 2777 412 2829 Solis
450 2776 754 2828 calefaciens
794 2776 905 2828 sine
943 2774 1104 2827 dubio
1143 2774 1208 2826 sit
1242 2764 1485 2835 maxima,
1526 2771 1616 2823 sed
1651 2770 1861 2823 demum
1895 2769 2094 2839 aliquot
2128 2769 2269 2821 horis
2304 2780 2425 2839 post

273 2865 563 2928 meridiem,
604 2876 758 2935 atque
795 2874 1012 2934 propter
1038 2863 1260 2916 eandem
1286 2880 1494 2914 causam
1519 2879 1692 2930 neque
1719 2859 1923 2911 solstitii
1960 2858 2124 2910 aestivi
2159 2871 2423 2911 momento

274 2958 533 3009 maximus
570 2957 712 3009 calor
750 2975 955 3019 annuus
993 2956 1226 3020 sentitur,
1269 2974 1439 3027 neque
1479 2965 1714 3023 tempore
1755 2952 1958 3005 solstitii
1997 2951 2221 3022 hyberni
2258 2951 2419 3024 frigus

276 3066 551 3110 summum,
582 3047 674 3099 sed
700 3057 977 3118 utrumque
1000 3047 1299 3099 notabiliter
1323 3045 1536 3099 tardius.

346 3140 385 3203 §.
417 3142 535 3188 105.
579 3137 798 3188 Sextum
820 3137 1205 3206 phaenomenon
1231 3136 1286 3186 in
1310 3135 1413 3187 hoc
1436 3136 1696 3204 ponimuS,
1737 3135 1877 3206 quod
1902 3144 2163 3187 momenta
2187 3135 2422 3188 fluxuum

277 3234 509 3292 tempore
551 3226 878 3297 syzygiarum
916 3226 1081 3277 multo
1123 3223 1347 3277 strictius
1388 3225 1624 3276 ordinem
1661 3236 1837 3276 tenere
1874 3225 2229 3289 observantur,
2271 3224 2424 3295 quam

280 3313 414 3364 circa
452 3315 809 3384 quadraturas.
888 3315 1001 3368 Hic
1039 3314 1161 3367 vero
1198 3326 1319 3367 ante
1358 3317 1533 3368 omnia
1570 3315 2086 3368 animadvertendum
2124 3326 2203 3369 est
2240 3318 2424 3385 praeci-

280 3421 439 3470 puam
466 3406 762 3458 sensibilem
787 3406 1098 3458 anomaliam
1134 3407 1188 3457 in
1228 3408 1504 3459 momentis
1531 3418 1751 3458 aestuum
1776 3405 1898 3459 inde
1923 3407 2175 3479 originem
2202 3407 2420 3469 trahere,

281 3491 423 3562 quod
458 3493 573 3546 haec
607 3507 872 3549 momenta
907 3516 976 3550 ex
1011 3508 1246 3569 tempore
1272 3498 1426 3551 solari
1462 3507 1617 3568 atque
1642 3517 1673 3549 a
1696 3516 1820 3550 vero
1850 3499 2066 3551 meridie
2093 3518 2182 3550 seu
2207 3499 2424 3550 transitu

290 3583 424 3635 Solis
450 3602 545 3652 per
571 3586 916 3640 meridianum
943 3589 1142 3642 soleant
1169 3590 1474 3660 computari,
1506 3587 1630 3641 ‘cum
1659 3609 1720 3641 ea
1754 3587 1926 3659 potius
1953 3608 1984 3640 a
2008 3588 2226 3640 transitu
2256 3587 2424 3639 Lunae

279 3692 375 3743 per
410 3674 756 3727 meridianum
793 3679 1071 3746 pendeant.
1151 3678 1314 3742 Quod
1340 3681 1383 3731 si
1408 3689 1579 3731 autem
1604 3679 1671 3731 ad
1695 3679 1789 3730 has
1816 3678 2196 3745 observationes
2222 3687 2422 3744 tempus

280 3765 462 3815 lunare
487 3782 517 3814 a
543 3765 763 3815 transitu
804 3767 972 3817 Lunae
1008 3786 1103 3836 per
1136 3767 1480 3819 meridianum
1506 3765 1912 3836 computandum
1937 3766 2257 3828 adhibeatur,
2297 3764 2422 3814 irre-

283 3853 584 3925 gularitates
605 3865 912 3924 apparentes
931 3857 1210 3908 max-imam
1235 3867 1435 3926 partem
1461 3866 1781 3920 evanescent,
1808 3855 1907 3908 hoc
1932 3852 2055 3907 vero
2080 3852 2242 3905 multo
2260 3853 2421 3923 magis
