2528 4172
133 307 317 359 LIBER
339 305 636 369 TERTIUS]
691 301 1090 356 PRINCIPIA
1131 301 1743 354 MATHEMATICA.
2186 305 2252 355 57

115 432 182 501 ἐἰ
206 448 340 500 filius
366 449 472 517 ejus
500 445 697 498 addidit
721 445 1015 496 distantiam
1040 443 1105 496 ab
1131 435 1481 497 observatorio
1505 445 1572 497 ad
1602 454 1796 497 turrem
1820 444 1963 496 urbis
1988 442 2252 496 Dunkirk,

131 536 393 589 Distantia
417 545 523 587 tota
547 543 657 586 erat
680 533 1071 602 hexapedarum
1107 539 1353 604 4861565
1383 543 1434 586 et
1457 533 1745 586 differentia
1768 532 2096 585 latitudinum
2119 532 2255 584 villae

130 707 301 746 vationes
317 705 394 742 illae
411 716 505 754 quas
522 702 688 740 instituit
707 702 880 740 Picartus
892 715 916 740 a
931 701 1166 741 Malvoisina

130 760 180 798 ad
211 758 461 802 Sourdonem,
482 757 534 794 ita
551 763 596 793 ut
614 768 717 792 error
746 755 825 793 12²¹.
848 754 1045 800 duntaxat,
1067 756 1168 794 inter

130 813 226 850 duas
243 809 522 849 observationes
539 808 825 846 distribuendus
843 816 1065 855 superesset.

185 864 249 916 (§)
268 867 289 890 ⁴*
309 865 488 903 Cassinus
506 864 629 901 senior
643 863 874 900 mensuravit
889 863 1109 900 distantiam
1123 864 1168 901 in

130 920 337 956 meridiano
355 930 379 953 a
397 914 484 953 villa
507 917 689 953 Collioure
705 917 756 951 ad
777 916 1065 953 observator-ium
1087 919 1167 953 Pa-

128 973 279 1009 risiense
291 989 305 1015 ;
319 977 351 1007 et
352 971 469 1021 filius
482 970 624 1006 addidit
636 969 857 1008 distantiam
869 969 914 1006 ab
929 970 1168 1007 observatorio

129 1026 180 1062 ad
197 1025 337 1062 turrim
353 1023 459 1060 urbis
477 1022 673 1059 Dunkirk-

185 1079 205 1101 *
232 1076 317 1113 Has
335 1074 432 1112 duas
449 1086 647 1111 mensuras
665 1073 707 1110 in
725 1085 843 1111 unam
862 1085 1054 1112 summam
1074 1086 1164 1111 con-

123 1128 209 1179 jicit
239 1129 463 1170 Newtonus‚
492 1126 583 1176 quia
610 1125 703 1163 cum
725 1127 906 1164 Cassinus
930 1127 1055 1163 senior
1079 1139 1165 1176 graf-

130 1182 224 1219 dum
243 1181 426 1231 majorem
440 1178 557 1229 quam
575 1180 748 1217 Picartus
767 1179 965 1225 invenerit,
985 1179 1168 1218 Cassinus

126 1234 234 1277 ¹filius
265 1237 466 1278 minorem,
501 1233 716 1283 conjunctis
751 1232 942 1270 mensuris
973 1233 1168 1270 obtinetur

130 1287 273 1337 gradus
290 1285 491 1323 mediocris
510 1285 682 1334 proxime
698 1285 854 1335 aequalis
872 1298 1062 1322 mensurae
1080 1298 1167 1334 gra-

131 1340 205 1377 dus
230 1353 253 1377 a
280 1339 435 1377 Picarto
460 1339 673 1389 assignatae,
693 1350 810 1388 quem
830 1346 872 1375 ut
889 1338 1054 1389 gradum
1077 1338 1167 1376 Tel-

131 1393 237 1439 luris,
268 1400 313 1429 ut
345 1391 536 1440 sphaericae
569 1391 825 1435 consideratae,
859 1391 1018 1428 assumit
1051 1391 1169 1429 New-

130 1453 256 1489 tonus,
287 1444 421 1482 verum
444 1445 507 1482 hic
532 1445 612 1482 duo
639 1451 729 1481 sunt
753 1444 933 1488 notando,
968 1443 1023 1481 10.
1047 1444 1170 1482 utitur

134 1499 349 1536 Newtonus
365 1497 438 1535 isto
457 1497 579 1547 gradu
598 1496 780 1535 mediocri
799 1497 906 1547 quasi
924 1497 1023 1535 foret
1041 1510 1169 1547 aequa-

130 1552 225 1589 toris
242 1550 396 1601 gratim,
417 1552 484 1600 qui
502 1549 659 1601 quidem
676 1550 749 1587 isto
767 1550 889 1599 major
907 1557 973 1593 est,
995 1550 1061 1587 sed
1080 1549 1170 1588 inde

132 1616 271 1653 parum
297 1610 469 1640 mutatur
501 1615 663 1652 sequens
688 1602 860 1640 calculus
883 1610 928 1640 ut
952 1602 1111 1652 liquebit
1137 1603 1170 1640 si

131 1657 312 1694 eumdem
335 1656 581 1693 instituamus
605 1664 802 1703 assumpto
828 1655 949 1705 gradu
969 1656 1171 1704 aequatoris

131 1709 204 1747 isto
222 1710 377 1760 majore,
398 1721 432 1745 v.
456 1721 512 1758 gr.
532 1713 662 1747 57226
682 1709 767 1745 hex.
793 1716 838 1745 ut
857 1707 1108 1746 deduceretur
1122 1721 1170 1745 ex

130 1761 279 1799 theoria
296 1761 416 1810 ipsius
436 1761 641 1808 Newtoni3
670 1769 708 1799 et
725 1761 890 1812 gradum
906 1760 947 1797 in
963 1766 1026 1800 45.
1045 1761 1171 1812 gradu

132 1814 307 1853 faciendo
325 1818 457 1853 57100
474 1816 560 1851 hex.
584 1839 591 1846 -

186 1867 247 1904 20.
282 1867 580 1917 Distinguendae
608 1873 699 1904 sunt
716 1866 998 1904 observationes
1021 1866 1172 1906 cassini

132 1919 293 1958 senioris
311 1928 350 1958 et
366 1920 436 1957 filii
452 1935 463 1967 ;
491 1921 574 1957 haec
594 1920 699 1957 enim
725 1927 878 1968 propter
895 1915 1171 1958 abeffltionem

131 1972 230 2011 lucis
247 1972 480 2011 correctione
503 1972 662 2023 indiget,
692 1985 871 2011 mensura
888 1971 978 2011 ver&
998 1972 1051 2010 ill.
1077 1974 1170 2012 Cas.

133 2027 208 2063 sini
243 2026 368 2064 Patris
395 2039 418 2064 a
443 2024 537 2063 villa
562 2025 758 2064 Collioure
783 2025 831 2063 ad
858 2026 1168 2073 observatorium,

133 2091 266 2116 arcum
285 2079 476 2117 coelestem
489 2078 549 2117 60.
570 2078 639 2116 18'.
663 2078 747 2116 57⁰.
771 2078 941 2116 continet
959 2086 997 2116 et
1014 2091 1171 2127 respon-

134 2131 199 2169 det
216 2131 421 2181 hexapedis
439 2136 606 2170 560614.
629 2131 697 2183 (ad
714 2132 830 2168 maris
849 2131 1017 2169 libellam
1036 2132 1172 2169 reduc-

133 2184 183 2222 tis
198 2185 407 2233 mensuris)
436 2184 541 2222 unde
558 2185 701 2235 gradus
718 2184 763 2221 fit
782 2187 910 2223 57097
937 2186 1022 2222 hex.
1047 2185 1173 2222 verifi-

134 2245 229 2275 catae
255 2245 347 2275 sunt
372 2249 563 2275 mensurae
581 2238 623 2274 in
639 2244 804 2287 utroque
822 2244 1004 2282 extremo,
1033 2250 1105 2275 nec
1132 2239 1174 2274 in

134 2290 184 2327 iis
198 2290 323 2341 gravis
340 2302 445 2327 error
462 2298 519 2328 est
536 2290 778 2334 metuendus,
799 2288 891 2327 cnm
910 2288 997 2338 apte
1012 2302 1171 2327 consen-

135 2343 253 2381 serint
283 2342 566 2394 triangulorum
597 2343 737 2381 calculi
764 2355 855 2380 cum
884 2342 1031 2380 ultimis
1062 2343 1174 2381 lineis

134 2409 204 2434 seu
230 2397 383 2434 basibus
408 2403 498 2437 actu
524 2398 777 2443 mensuratis3
808 2408 911 2434 error
929 2395 1018 2434 vero
1036 2396 1104 2445 qui
1131 2397 1173 2433 in

136 2449 398 2487 observatione
437 2448 581 2487 coelesti
617 2460 813 2487 occurrere
849 2455 982 2497 potest,
1029 2449 1173 2499 singuli

136 2500 277 2551 gradus
303 2514 523 2539 mensuram
548 2500 688 2550 parum
714 2502 906 2547 immutat,
932 2501 1024 2552 quia
1047 2501 1089 2538 in
1107 2514 1174 2539 sex

136 2554 277 2604 gradus
309 2561 348 2592 et
376 2555 477 2592 ultra
508 2554 773 2601 distribuitur;
803 2553 895 2591 cum
921 2553 1012 2592 vero
1040 2553 1175 2593 iisdem

136 2608 229 2644 anni
247 2608 482 2656 temporibus
499 2606 579 2645 tam
597 2607 763 2645 Lutetiae
781 2606 898 2657 quam
918 2606 959 2644 in
974 2606 1065 2644 villa
1083 2607 1172 2645 Col-

137 2660 259 2698 lioure
285 2661 564 2698 observationes
593 2660 778 2698 institutae
806 2659 960 2704 fuerint,
990 2660 1176 2698 aberratio

137 2712 236 2751 lucis
263 2713 457 2750 calculum
488 2712 598 2750 arcus
625 2713 787 2750 coelestis
814 2725 893 2750 non
930 2713 1169 2751 immutavit:

138 2766 228 2802 hinc
246 2766 288 2801 in
302 2766 471 2803 numeris
488 2762 670 2814 proximis
683 2764 859 2803 rotundis
877 2766 1018 2815 gradus
1035 2766 1074 2802 in
1091 2766 1178 2804 lati-

139 2818 274 2856 tudine
294 2818 487 2868 graduum
512 2821 713 2857 45.57100
732 2818 1018 2868 hexapedarum
1035 2818 1178 2856 assumi

140 2878 265 2921 potest
282 2871 373 2908 satis
390 2870 489 2908 tuto.

194 2923 255 2961 80.
283 2923 424 2968 Quoad
442 2923 719 2962 observationes
736 2923 792 2960 ill.
815 2923 965 2962 Cassini
983 2923 1064 2968 filii,
1086 2922 1180 2961 cum

141 2976 241 3014 inter
262 2980 321 3015 15.
346 2976 374 3015 J
377 2976 448 3013 ulii
467 2983 504 3014 et
522 2981 558 3013 4.
586 2977 689 3025 Sept.
712 2977 824 3014 factae
842 2977 987 3014 fuerint
1005 2979 1181 3014 observa-

143 3029 264 3067 tiones
281 3029 451 3067 coelestes
468 3029 608 3078 quibus
621 3030 937 3067 determinaretur
955 3042 1064 3067 arcus
1082 3029 1182 3068 inter

144 3082 270 3118 zenith
289 3082 392 3119 urbis
415 3082 598 3119 Dunkirk
617 3090 654 3119 et
672 3083 914 3120 observatorii
932 3083 1178 3131 interceptus,

146 3134 390 3172 aberrationis
425 3135 607 3173 correctio
643 3134 720 3172 illis
756 3143 812 3173 est
843 3135 1059 3173 adhibenda
1093 3148 1181 3186 quae

146 3194 240 3224 tunc
269 3187 450 3236 temporis
472 3187 646 3224 nondum
665 3195 744 3226 erat
762 3188 917 3238 cognita
931 3203 943 3235 ;
972 3186 1107 3225 verum
1135 3188 1181 3225 il-

146 3238 226 3275 lam
251 3240 521 3277 correctionem
547 3240 796 3278 necessariam
823 3253 902 3278 esse
929 3239 1036 3279 tanto
1054 3241 1184 3279 minus

148 3291 312 3328 dubium
328 3298 394 3337 est,
414 3292 517 3342 quod
537 3291 627 3330 cum
646 3293 677 3330 is
695 3306 805 3331 arcus
822 3306 891 3342 per
904 3294 1183 3332 observationes

149 3343 268 3381 stellae
284 3360 312 3392 ry
328 3344 517 3382 Draconis
530 3345 648 3383 fuerit
661 3345 945 3392 determinatus,
962 3347 1045 3398 ejus
1063 3347 1181 3394 ipsius

150 3395 269 3434 stellae
287 3397 470 3435 aberratio
496 3399 544 3435 ab
569 3397 624 3435 ill.
651 3398 834 3436 Bradleio
851 3399 969 3437 fuerit
987 3401 1184 3437 observata

152 3448 246 3500 (vid.
272 3448 405 3486 Trans.
432 3450 532 3487 Phil.
558 3451 647 3488 Vol.
673 3451 864 3490 XXXV.
894 3465 979 3503 pag.
1005 3451 1117 3500 657.)
1147 3460 1185 3490 et

150 3501 370 3550 nuperrIme
394 3513 417 3538 a
441 3502 492 3539 D.
517 3502 552 3539 le
583 3504 791 3550 Monnier.;
833 3505 1064 3542 immediatis
1092 3517 1184 3555 ergo

151 3553 422 3603 experimentis
449 3561 597 3593 constat
625 3556 708 3607 ejus
739 3556 858 3594 stellae
890 3557 1185 3595 declinationem

151 3606 285 3657 augeri
320 3619 343 3643 a
377 3618 507 3655 mense
535 3607 644 3645 Julio
673 3607 719 3646 ad
753 3610 1024 3658 Septembrem,
1057 3611 1110 3647 ita
1141 3617 1186 3647 ut

152 3658 244 3697 cum
274 3659 441 3697 Lutetiae
468 3658 589 3696 serius
615 3661 809 3699 observata
826 3662 886 3707 sit,
910 3662 984 3713 1ΙῇΒ
1008 3662 1186 3700 secundis

152 3712 242 3762 polo
260 3719 353 3749 tunc
372 3710 531 3749 vicinior
550 3725 628 3750 esse
647 3714 772 3760 potuit
789 3713 906 3764 quam
925 3714 1015 3752 cum
1036 3716 1077 3752 in
1097 3717 1190 3752 urbe

156 3764 341 3803 Dunkirk
367 3766 562 3802 observata
587 3764 724 3808 fuerat,
754 3764 917 3816 ide6que
947 3767 1106 3805 totidem
1132 3779 1189 3804 se-

154 3816 292 3856 cundis
305 3817 432 3856 zenith
449 3817 631 3856 remotior
649 3820 853 3867 apparebat
865 3818 984 3870 quam
1001 3828 1191 3869 punctum

1218 704 1341 742 fix-um
1360 705 1465 754 quod
1482 704 1523 741 in
1542 706 1636 743 urbe
1654 704 1838 743 Dunkirk
1851 704 1977 742 fuerat
1989 705 2254 756 observatum;

1218 758 1323 795 unde
1347 757 1440 795 cum
1467 771 1514 795 ex
1542 757 1721 795 distantia
1747 770 1772 796 a
1794 758 1922 795 zenith
1943 757 2112 796 Lutetiae
2130 759 2256 798 detra-

1220 812 1333 849 hatur
1360 811 1541 848 distantia
1572 809 1746 861 ejusdem
1781 810 1901 849 stellae
1936 823 1960 848 a
1987 811 2115 849 zenith
2150 814 2257 853 urbis

1224 863 1421 909 Dunkirk,
1451 876 1562 901 arcus
1589 862 1766 901 residuus
1791 862 1867 901 illis
1894 863 1971 914 11}
1991 877 2064 903 sec.
2088 872 2145 903 est
2167 879 2238 904 mu

1220 916 1372 962 tandus,
1393 923 1433 954 et
1449 915 1541 954 cum
1559 917 1759 954 residuum
1776 915 1965 954 invenerit
1990 917 2044 955 ill.
2073 919 2257 958 Cassinus

1222 969 1282 1008 20.
1306 969 1373 1007 12‘.
1399 969 1486 1020 9—123'2
1510 977 1567 1007 est
1584 968 1826 1007 reducendus
1850 969 1901 1007 ad
1925 969 1985 1007 20.
2013 971 2079 1008 11'.
2102 972 2188 1018 58¹¹,
2218 981 2258 1011 et

1219 1021 1310 1061 cum
1343 1023 1376 1060 is
1402 1035 1513 1059 arcus
1544 1025 1697 1061 125454
1723 1022 1927 1070 hexapedis
1954 1024 2181 1072 respondere
2208 1028 2257 1064 ab

1219 1076 1273 1114 ill.
1310 1078 1460 1113 Autore
1492 1083 1692 1123 statuatur,
1727 1075 1837 1112 arc'us
1872 1075 1990 1113 unius
2019 1078 2161 1127 gradus
2193 1079 2258 1118 fiet

1218 1130 1305 1167 hex.
1324 1133 1469 1168 57038.
1493 1132 1517 1167 5
1536 1128 1623 1176 ped.

1275 1180 1425 1219 Verum
1456 1181 1585 1219 minor
1620 1180 1812 1219 dissensus
1846 1180 1947 1218 inter
1981 1184 2259 1222 observationes

1219 1234 1274 1272 ill.
1303 1235 1450 1274 Cassini
1469 1234 1537 1271 filii
1559 1243 1599 1273 et
1626 1235 1696 1272 dni.
1715 1234 1763 1272 de
1793 1234 2037 1282 Maupertuis
2064 1239 2259 1285 apparebit

1220 1288 1251 1326 si
1276 1287 1504 1334 attendatur,
1534 1295 1682 1335 partem
1709 1287 1813 1324 illius
1831 1286 2022 1324 dissensus
2040 1290 2128 1326 oriri
2147 1303 2192 1327 ex
2213 1303 2259 1328 eo

1220 1340 1336 1392 qudd,
1363 1341 1458 1378 dum
1477 1341 1666 1378 mensuris
1688 1340 1833 1378 Picarti
1856 1348 2067 1387 uterentur,
2095 1343 2260 1380 diversas

1220 1395 1304 1445 ejus
1322 1394 1606 1444 triangulorum
1624 1394 1739 1431 series
1761 1392 2023 1441 adoptaverint
2039 1410 2051 1441 3
2080 1409 2197 1446 quare
2216 1403 2261 1434 ut

1222 1446 1468 1485 conferantur
1493 1459 1628 1484 eorum
1652 1446 1818 1492 inventa,
1841 1446 2069 1484 reducendae
2088 1457 2177 1486 sunt
2195 1461 2260 1486 eo-

1222 1512 1311 1537 rum
1338 1499 1626 1547 supputationes
1645 1499 1754 1550 quasi
1781 1497 1917 1536 eadem
1935 1501 2030 1537 serie
2049 1501 2259 1552 triangulo·

1222 1564 1311 1590 rum
1332 1552 1477 1590 Picarti
1500 1560 1700 1590 uterentur
1724 1553 1860 1589 ambo:
1893 1565 1927 1589 v.
1951 1565 2006 1602 gr.
2026 1561 2263 1602 supponatur

1222 1613 1433 1656 utrumque
1451 1605 1697 1654 assumpsisse
1716 1617 1801 1642 eam
1819 1604 1955 1642 seriem
1978 1606 2261 1656 triangulorum

1223 1671 1340 1709 quam
1362 1659 1444 1707 ipse
1472 1658 1650 1697 Plcartus
1668 1657 1832 1702 admisit,
1864 1659 1931 1695 sed
1949 1658 1998 1695 ad
2021 1658 2264 1696 Sourdonem

1223 1724 1358 1762 usque,
1387 1718 1426 1749 et
1453 1711 1551 1749 inde'
1572 1711 1682 1763 (quia
1707 1710 1762 1747 ill.
1790 1710 1973 1748 Cassinus
2000 1711 2161 1759 propriis
2184 1712 2264 1749 suis

1223 1764 1427 1815 triangulis
1453 1764 1672 1803 distantiam
1690 1776 1713 1801 a
1734 1763 1934 1802 Sourdone
1952 1762 2002 1801 ad
2025 1763 2264 1802 Ambianum

1224 1818 1507 1868 determinavit)
1538 1825 1753 1855 assumatur
1784 1828 1829 1854 ea
1856 1816 2037 1854 distantia
2066 1817 2190 1866 qualis
2216 1830 2265 1855 ex

1224 1872 1430 1921 triangulis
1455 1871 1510 1909 ill.
1539 1870 1688 1908 Cassini
1706 1868 1965 1907 deduceretur
1983 1870 2014 1906 si
2042 1869 2160 1907 modo
2186 1870 2264 1918 pri-

1224 1925 1282 1963 ori
1313 1925 1409 1963 serie
1435 1937 1528 1962 usus
1554 1923 1701 1967 fuisset,
1731 1930 1768 1960 et
1795 1921 1941 1972 reliqua
1964 1922 2048 1973 ejus
2072 1922 2266 1972 triangula

1223 1990 1345 2028 usque
1364 1978 1413 2016 ad
1431 1979 1567 2016 urbem
1593 1975 1780 2014 Dunkirk
1797 1975 1839 2012 in
1857 1974 1993 2012 eadem
2020 1977 2265 2024 proportione

1224 2037 1463 2081 augeantur3
1492 2030 1582 2068 hinc
1599 2029 1670 2066 iste
1688 2036 1859 2078 emerget
1878 2027 2061 2066 calculus.

1280 2082 1417 2122 Primo
1435 2091 1516 2121 tota
1529 2080 1709 2120 distantia
1722 2081 1821 2118 inter
1834 2080 2035 2129 parallelos
2049 2083 2264 2118 observato-

1225 2137 1273 2174 rii
1284 2144 1322 2174 et
1336 2136 1547 2174 Sourdonis
1558 2135 1629 2173 erit
1641 2147 1687 2171 ex
1703 2134 1856 2171 Picarto
1868 2157 1886 2165 -
1901 2139 2031 2173 49926
2045 2135 2130 2172 hex.
2142 2139 2166 2173 3
2178 2133 2264 2183 ped.

1282 2189 1488 2235 Secundo;
1532 2188 1711 2226 distantia
1745 2187 1847 2224 inter

1226 2239 1427 2293 parallelos
1454 2241 1666 2280 Sourdonis
1687 2246 1725 2277 et
1747 2242 1846 2276 Am-

1224 2295 1330 2335 biani
1344 2303 1412 2346 best
1429 2308 1475 2333 ex
1499 2295 1659 2332 Cassino
1688 2292 1847 2346 105395}

1225 2351 1312 2387 hex.
1345 2346 1541 2396 assumpta
1571 2347 1653 2385 basi
1691 2345 1847 2396 7116-12-;

1226 2402 1295 2441 sed
1311 2401 1354 2439 in
1373 2400 1493 2440 altera
1515 2400 1609 2438 serie
1633 2398 1849 2449 triangulo-

1226 2482 1316 2507 rum
1334 2469 1469 2507 eadem
1487 2468 1586 2506 basis
1605 2474 1684 2504 erat
1711 2453 1850 2515 7122}

1227 2523 1317 2561 hinc
1336 2519 1533 2570 assumpta
1555 2522 1628 2558 hac
1651 2517 1845 2564 mensura,

1227 2575 1408 2614 distantia
1437 2574 1567 2624 parall.
1601 2574 1701 2611 inter
1731 2572 1848 2609 Sour-

1228 2630 1370 2666 donem
1388 2635 1426 2666 et
1448 2628 1690 2666 Ambianum
1708 2637 1756 2663 ex
1780 2624 1847 2662 tri-

1210 2682 1383 2732 :angulis
1409 2681 1464 2719 ill.
1487 2680 1637 2719 Cassini
1650 2679 1723 2716 erit
1773 2701 1792 2708 -
1840 2699 1859 2707 -
1900 2681 2025 2716 10547
2041 2676 2264 2735 hex.4ped.

1286 2735 1388 2773 Tota
1417 2747 1510 2784 ergo
1541 2731 1720 2771 distantia
1751 2730 1850 2768 inter

1230 2788 1431 2837 parallelos
1461 2786 1673 2826 Sourdonis
1690 2792 1729 2821 et
1752 2784 1848 2820 Am-

1231 2840 1334 2881 biani
1353 2842 1426 2879 erit

1289 2893 1422 2932 Tertio
1450 2892 1628 2931 distantia
1654 2892 1752 2929 inter
1787 2888 1986 2937 parallelos
2018 2887 2200 2926 Ambiani
2231 2894 2269 2925 et

1233 2948 1338 2985 urbis
1359 2946 1545 2985 Dunkirk
1563 2954 1620 2984 est
1636 2956 1683 2983 ex
1700 2942 1858 2981 Cassino
1871 2945 2000 2980 65109
2019 2942 2105 2977 hex.
2132 2945 2148 2977 l
2169 2940 2267 2989 ped,

1234 3011 1430 3061 supposita
1457 3012 1536 3049 basi
1575 3000 1724 3062 7116&
1762 3009 1794 3046 si
1825 3020 1918 3058 ergo
1954 3014 2190 3056 supponatur
2226 3019 2271 3044 ea

1234 3065 1336 3102 linea
1364 3063 1500 3117 7122}
1524 3064 1592 3101 fiet
1618 3061 1795 3101 distantia
1821 3061 1920 3099 inter
1943 3060 2142 3110 parallelos
2173 3060 2272 3096 Am.

1234 3118 1338 3155 biani
1350 3126 1387 3156 et
1403 3120 1506 3155 urbis
1524 3117 1709 3155 Dunkirk
1723 3129 1770 3155 ex
1786 3114 1851 3153 tri-

1235 3170 1387 3216 angulis
1407 3172 1461 3208 ill.
1488 3171 1649 3208 Cassini.
1731 3191 1751 3201 ·-
1820 3190 1840 3198 -
1904 3169 2034 3205 65162
2048 3164 2262 3215 hex.3ped

1303 3223 1404 3261 Tota
1448 3234 1541 3272 ergo
1577 3220 1757 3260 distantia
1792 3219 1852 3257 in-
1970 3244 1973 3245 ν

1231 3284 1289 3314 ter
1342 3275 1656 3313 Observatorium
1700 3281 1739 3310 et
1792 3285 1860 3320 pa-

1231 3327 1410 3367 rallelum
1438 3327 1543 3365 urbis
1578 3325 1763 3365 Dunkirk
1795 3325 1862 3362 fiet

1232 3389 1273 3419 et
1298 3379 1476 3419 detractis
1496 3384 1558 3419 98.
1575 3380 1659 3416 hex.
1682 3390 1752 3425 pro
1770 3377 1863 3415 locis

1233 3433 1543 3472 observationum
1571 3431 1784 3469 coelestium
1809 3438 1848 3467 et
1868 3429 1919 3479 2{
1937 3430 2026 3466 hex·
2049 3440 2119 3476 pro
2145 3422 2278 3465 libella

1235 3505 1442 3547 supersunt
1478 3501 1631 3536 125556
1664 3496 1751 3532 hex.
1774 3487 1821 3549 -ὲ,
1855 3509 1943 3546 quae
1961 3495 2193 3543 respondent
2214 3493 2273 3530 20.

1240 3551 1312 3590 11’.
1348 3551 1431 3590 58”.
1469 3550 1574 3588 unde
1605 3561 1716 3586 arcus
1751 3550 1869 3587 unius
1906 3549 2049 3601 gradus
2085 3546 2280 3585 invenitur

1237 3607 1369 3643 57076
1390 3619 1398 3641 ε
1425 3608 1461 3641 2.

1294 3660 1444 3698 Pariter
1477 3659 1520 3695 in
1555 3656 1816 3695 observatione
1851 3655 1921 3693 dm.
1954 3655 2002 3693 de
2032 3651 2277 3701 Maupertuis

1243 3712 1333 3751 cum
1362 3713 1438 3750 sint
1463 3711 1563 3749 inter
1589 3710 1817 3759 parallelum
1846 3708 2089 3746 observatorii
2121 3714 2160 3743 et
2186 3705 2279 3742 aedis

1249 3765 1430 3803 Ambiani
1461 3768 1620 3803 60474:
1649 3767 1681 3800 1.
1714 3770 1753 3800 et
1791 3770 1944 3811 propter
1974 3759 2280 3798 observationum

1244 3817 1454 3856 coelestium
1473 3817 1558 3855 loca
1578 3819 1682 3856 2159
1698 3816 1784 3853 hex.
1809 3815 1885 3852 sint
1902 3812 2157 3858 detraheudae‚
2171 3822 2280 3848 arcus

1923 2838 2054 2873 60474
2097 2859 2116 2867 -
2165 2839 2182 2872 1

1911 3328 1927 3361 1
1936 3328 2064 3363 25636
2100 3347 2114 3355 -
2143 3327 2169 3360 4
