2528 4172
127 263 312 316 Limam
339 260 636 325 TERT1us.]
713 257 1116 313 PRINCIPIA
1154 257 1273 311 MA
1288 255 1773 311 rHEMATICA.
2197 260 2275 313 77·

183 403 349 444 Facilior
380 403 497 454 paulo
529 402 663 443 evadet
692 401 876 447 calculus,
905 401 937 439 si
969 399 1054 439 loco
1081 409 1243 439 summae
1269 399 1437 439 laterum
1468 401 1501 439 P
1523 401 1573 439 M
1592 401 1646 454 4
1672 401 1707 439 P
1732 400 1786 446 N,
1814 397 2043 438 adhibeatur
2073 397 2268 449 quantitas

130 457 408 561 ffi-f—-g—ffffi
427 490 499 539 ipsi
520 488 784 540 aequipollens.
843 486 1035 527 Prolixior
1054 493 1183 524 tamen
1202 492 1272 533 est,
1293 483 1409 537 quam
1430 493 1476 524 ut
1493 484 1608 524 illum
1626 486 1818 536 applicare
1832 484 2128 524 sustinuerimus
2143 483 2191 522 ad
2207 483 2269 522 ul-

131 576 288 614 teriores
306 574 605 626 consequentias-

184 647 279 685 Dixi
299 659 346 684 ex
363 646 423 684 his
439 645 539 684 viam
559 644 675 683 sterni
694 644 743 683 ad
761 642 1118 683 determinationem
1139 654 1265 680 curvae
1285 653 1402 691 quam
1422 642 1575 679 affectat
1594 643 1831 681 meridianus
1846 641 2038 687 Telluris;
2058 654 2147 679 nam
2168 640 2198 678 si
2220 654 2269 679 ex

132 700 347 750 aequatione
364 698 533 750 generali
549 712 576 748 y
592 714 649 734 =
673 698 711 736 A
729 711 756 737 x
775 699 795 717 ¹²
815 699 869 750 -l-
894 698 929 736 B
943 710 967 734 x
984 698 1003 719 ²
1017 696 1035 714 ¹¹
1053 696 1105 748 -l-
1128 696 1160 734 C
1174 708 1198 732 x
1213 697 1230 723 3
1248 695 1277 739 ¹¹,
1299 696 1369 732 διο.
1391 702 1429 732 et
1447 707 1493 732 ex
1513 696 1609 734 serie
1627 695 1784 734 inventa
1802 697 2077 735 determinetur
2095 695 2271 733 attractio

135 753 268 803 puncti
291 752 326 790 P
353 765 376 790 a
402 751 537 802 quovis
555 751 711 798 circulo,
741 758 779 790 et
805 751 976 801 erigatur
993 749 1033 786 in
1053 757 1198 798 puncto
1216 748 1309 794 axis,
1328 747 1433 797 quod
1452 748 1536 798 ejus
1554 750 1687 786 circuli
1706 758 1762 787 ost
1781 760 1970 795 centrum,
1991 749 2165 787 ordinata
2182 762 2270 799 quae

130 808 214 858 ejus
231 804 364 844 circuli
382 804 646 842 attractionem
665 811 921 853 repraesentet,
943 810 981 840 et
997 802 1236 851 intelligatur
1254 814 1371 839 curva
1389 813 1456 849 per
1470 814 1600 838 earum
1617 803 1879 841 ordinatarum
1895 802 2053 840 vertices
2067 803 2269 848 transiens,

130 866 325 909 quaeratur
342 857 424 908 ejus
442 870 568 895 curvae
586 870 674 896 area
691 870 758 906 per
775 857 951 908 vulgatas
968 856 1180 900 methodos,
1200 854 1478 903 habebiturque
1496 855 1662 905 gravitas
1681 857 1815 904 puncti
1840 858 1872 895 P
1891 858 1931 894 in
1951 856 2116 893 solidum
2132 871 2143 903 ;
2164 868 2270 905 quae-

130 920 235 950 ratur
261 918 441 960 praeterea
468 919 656 959 punctum
683 923 797 949 axeos
826 911 863 948 Y
890 910 931 947 in
959 921 1037 959 quo
1064 908 1095 945 si
1121 908 1333 959 erigeretur
1359 907 1535 945 ordinata
1559 908 1615 944 illi
1635 921 1764 946 curvae
1782 922 1872 960 quae
1890 910 2115 961 gravitatem
2135 909 2271 958 puncti

133 966 169 1004 P
186 963 373 1014 exprimit,
394 964 477 1015 ejus
494 976 621 1003 curvae
639 977 727 1004 area
743 963 920 1003 bifariam
939 961 1185 1008 divideretur,
1206 959 1278 999 erit
1300 960 1336 998 Y
1355 968 1544 1010 punctum
1563 974 1678 999 axeos
1696 963 1745 1000 ad
1764 963 1869 1014 quod
1886 964 2061 1002 attractio
2079 964 2214 1014 puncti
2238 962 2274 1000 P

130 1018 329 1069 dirigetur.

184 1088 334 1128 Pariter
351 1101 398 1126 ex
418 1089 631 1140 aequatione
650 1089 819 1141 generali
837 1102 964 1127 curvae
983 1086 1184 1126 habebitur
1201 1093 1391 1136 punctum
1407 1098 1520 1124 axeos
1537 1088 1568 1125 Z
1583 1087 1633 1126 ad

128 1143 232 1194 quod
252 1142 442 1192 pertinget
464 1143 781 1191 perpendiculum
801 1143 842 1180 in
862 1154 988 1180 curvae
1006 1148 1197 1189 punctum
1217 1140 1263 1186 P,
1282 1141 1526 1178 habebuntur
1540 1154 1633 1192 ergo

128 1196 328 1234 intervalla
360 1196 390 1232 Z
414 1196 450 1233 Y
477 1204 515 1233 et
545 1197 582 1234 Y
605 1198 657 1242 Q,
686 1209 733 1235 ex
765 1197 796 1234 Z
821 1196 984 1233 ducatur
1005 1195 1036 1231 Z
1058 1194 1095 1231 V
1116 1192 1297 1242 parallela
1318 1193 1352 1230 P
1375 1194 1416 1237 Q
1431 1206 1519 1244 quae
1538 1207 1630 1232 con·

128 1257 255 1288 currat
273 1261 363 1286 cum
386 1249 420 1286 P
443 1250 478 1287 Y
497 1249 684 1298 producta
703 1250 743 1287 in
766 1250 816 1296 V,
837 1249 1073 1298 producatur
1095 1247 1129 1284 P
1152 1248 1193 1291 Q
1210 1247 1250 1283 in
1273 1246 1306 1283 F
1324 1254 1369 1284 ut
1387 1247 1455 1284 fiat
1479 1248 1510 1284 P
1530 1249 1560 1284 F
1574 1263 1631 1284 =

131 1304 163 1340 Z
179 1304 230 1345 V,
252 1302 489 1352 ducaturque
512 1303 545 1340 F
566 1304 610 1350 Z,
632 1303 815 1355 quoniam
833 1315 949 1340 curva
969 1300 1067 1339 circa
1085 1313 1195 1338 axem
1215 1299 1433 1347 revolvitur,
1458 1300 1493 1337 P
1511 1301 1543 1338 F
1563 1301 1635 1340 erit

129 1356 285 1394 directio
313 1355 369 1392 vis
396 1356 627 1406 centrifugae
654 1357 803 1407 agentis
830 1356 870 1392 in
897 1363 1043 1403 puncto
1066 1354 1111 1398 P,
1137 1354 1170 1391 P
1191 1353 1230 1391 V
1249 1352 1407 1391 directio
1425 1354 1633 1403 gravitatis,

132 1410 168 1448 P
189 1410 220 1446 Z
248 1406 337 1446 vero
355 1421 481 1446 curvae
499 1409 823 1458 perpendicularis
841 1408 912 1446 erit
930 1407 1091 1445 directio
1115 1406 1242 1444 media
1260 1414 1350 1443 nata
1369 1419 1413 1443 ex
1435 1406 1636 1457 utriusque

128 1462 184 1499 vis
211 1461 484 1510 compositione
512 1464 575 1514 (ut
601 1469 749 1500 constat
769 1461 871 1499 facto
890 1459 981 1498 cum
1000 1467 1137 1510 agatur
1154 1459 1204 1497 de
1225 1458 1383 1496 Tellure
1400 1459 1500 1508 ipsa)
1517 1474 1528 1506 ;
1558 1461 1627 1498 sed

126 1516 218 1566 quia
236 1517 423 1553 habentur
443 1515 475 1552 Z
489 1515 537 1558 Y,
562 1516 601 1554 Y
619 1516 670 1560 Q,
694 1514 730 1553 P
748 1516 789 1560 Q
805 1522 842 1552 et
865 1514 899 1552 P
921 1514 957 1552 Y
975 1514 1219 1551 habebuntur
1239 1512 1271 1549 Z
1289 1512 1327 1549 V
1341 1518 1380 1549 et
1408 1512 1439 1550 V
1456 1513 1505 1559 Y,
1527 1510 1635 1550 ideo-

127 1582 203 1619 que
229 1568 430 1606 habebitur
459 1569 498 1606 V
521 1569 566 1615 P,
595 1580 687 1619 ergo
713 1568 957 1606 habebuntur
984 1566 1100 1604 latera
1127 1574 1165 1604 et
1193 1564 1408 1615 diagonalis
1432 1565 1636 1614 parallelo-

126 1621 294 1673 grammi
326 1621 357 1658 F
380 1621 414 1658 P
434 1622 472 1659 V
494 1622 525 1659 Z
553 1622 630 1659 sive
648 1622 890 1659 habebuntur
909 1619 1074 1657 rationes
1091 1620 1147 1656 vis
1166 1618 1394 1668 centrifugae
1421 1620 1552 1667 puncti
1585 1620 1633 1666 P,

126 1675 183 1712 vis
200 1676 283 1725 ejus
299 1674 495 1725 gravitatis
513 1683 551 1713 et
569 1675 626 1712 vis
644 1673 782 1712 mediae
804 1674 838 1711 P
855 1674 886 1710 Z
906 1685 952 1711 ex
970 1671 1135 1722 utraque
1152 1671 1382 1717 resultantis,
1401 1671 1467 1709 fiat
1485 1685 1577 1723 ergo
1592 1680 1638 1711 ut
1713 1674 1768 1719 ΖΞ
1807 1668 1888 1728 ³·ng
1953 1679 2014 1733 a
2148 1685 2217 1733 A

133 1728 166 1766 P
188 1728 224 1765 V
257 1728 306 1765 ad
342 1728 376 1765 P
396 1728 427 1765 Z
458 1729 511 1765 ita
537 1727 702 1779 gravitas
727 1727 862 1776 puncti
893 1726 927 1764 P
946 1738 994 1763 ex
1021 1726 1246 1764 attractione
1263 1724 1376 1762 solidi
1405 1733 1496 1763 nata
1514 1734 1552 1764 et
1570 1738 1639 1775 per
1762 1720 1812 1774 {f-

127 1793 254 1818 aream
287 1793 413 1819 curvae
444 1780 600 1819 inventa
630 1781 680 1819 ad
711 1779 910 1819 residuum
942 1778 1026 1829 ejus
1056 1778 1263 1830 gravitatiS,
1297 1777 1455 1827 dempta
1484 1779 1520 1817 vi
1530 1792 1638 1832 ⁸'cen-
1712 1771 1793 1830 V?

126 1833 285 1885 trifuga.

182 1906 358 1945 Tandem
376 1907 555 1957 inscripta
573 1906 813 1957 intelligatur
830 1905 871 1943 in
891 1918 1006 1944 curva
1023 1917 1110 1955 quae
1125 1904 1319 1955 quaeritur,
1345 1903 1418 1941 alia
1437 1916 1553 1943 curva
1570 1905 1641 1955 ipsi
1661 1901 1826 1944 omnino
1846 1900 1994 1947 similis,
2016 1899 2071 1938 ita
2082 1905 2128 1937 ut
2142 1910 2274 1937 earum

128 1958 176 1997 sit
193 1959 296 1996 idem
316 1969 506 2007 centrum,
527 1969 565 1998 et
583 1973 673 1999 axes
691 1972 805 2008 supra
823 1972 863 1997 se
881 1956 1020 1996 mutuo
1034 1960 1200 2009 jaceant,
1223 1957 1427 2007 aequatoris
1445 1958 1581 2006 prioris
1594 1972 1723 1997 curvae
1738 1956 2041 1996 semi-diameter
2056 1953 2206 1990 dicatur
2219 1965 2274 1997 m,

128 2020 166 2049 et
185 2012 399 2051 differentia
419 2014 502 2064 ejus
520 2027 543 2051 a
561 2012 863 2051 semi-diametro
881 2011 1048 2057 alterius,
1069 2024 1156 2062 quae
1174 2011 1454 2061 quamminima
1472 2012 1618 2050 assumi
1642 2020 1780 2063 potest,
1807 2010 1959 2048 dicatur
1987 2007 2012 2045 d
2031 2020 2085 2053 m,
2114 2005 2276 2045 abscissa

132 2066 165 2104 C
183 2066 224 2110 Q
239 2065 374 2115 prioris
393 2079 519 2105 curvae
539 2067 587 2104 sit
605 2079 637 2113 z,
658 2065 728 2104 erit
746 2065 830 2116 ejus
849 2065 1064 2103 differentia
1078 2066 1125 2103 ab
1139 2062 1303 2103 abscissa
1316 2076 1400 2101 cor-

723 2131 742 2155 z
758 2118 782 2155 d
802 2131 841 2154 m

127 2150 374 2200 respondenti
399 2151 557 2191 alterius
578 2163 705 2190 curvae
860 2167 917 2188 =
941 2151 981 2196 Q
999 2163 1025 2188 n
1044 2167 1100 2188 =
1122 2161 1149 2189 r
1173 2163 1226 2200 p;
1247 2148 1400 2188 ordina-

126 2236 223 2327 tadP
241 2237 281 2282 Q
298 2237 346 2276 sit
362 2250 400 2288 y,
420 2237 504 2288 ejus
522 2235 737 2275 differentia
754 2197 807 2276 aiii
817 2234 992 2276 ordinata
1006 2234 1318 2286 coi-respondenti
1328 2235 1402 2274 erit
1455 2240 1458 2242 ’

202 2302 242 2327 m

126 2301 153 2339 y
165 2367 206 2392 m

126 2407 177 2445 tis
195 2421 334 2454 curvae,
364 2407 605 2458 triangulum
629 2416 658 2446 Γ
677 2420 702 2457 p
720 2416 736 2448 t
755 2409 827 2448 erit
845 2409 969 2448 simile
987 2410 1184 2461 triangulo
1203 2406 1404 2445 fluxionali

128 2460 171 2498 in
195 2470 341 2511 puncto
368 2471 396 2500 Γ
423 2461 502 2499 sive
521 2461 637 2499 etiam
654 2461 696 2499 in
715 2470 860 2513 puncto
881 2463 917 2502 P
935 2465 984 2502 ob
1003 2463 1296 2501 similitudinem
1315 2473 1403 2500 cur-

259 2339 316 2360 =
341 2323 375 2362 P
392 2336 418 2372 p
433 2338 445 2371 ;
474 2321 658 2373 quoniam
679 2331 706 2361 r
725 2329 742 2361 t
760 2331 883 2373 potest
901 2322 1003 2361 sumi
1032 2331 1078 2362 ut
1095 2322 1221 2375 portio
1239 2327 1403 2372 tangen-

127 2557 262 2586 varum
281 2554 320 2587 et
337 2548 589 2586 abscissarum
604 2545 691 2588 erit:
725 2559 817 2595 ergo
833 2548 860 2587 d
873 2562 893 2586 z
909 2564 918 2589 ς
940 2548 966 2587 d
984 2561 1008 2600 y
1021 2564 1078 2585 =
1093 2557 1121 2587 Γ
1134 2561 1160 2597 p
1176 2523 1236 2630 (z
1255 2512 1333 2617 :inm
1487 2536 1526 2580 C
2005 2533 2044 2563 n
2069 2528 2128 2575 Q

126 2684 154 2723 P
171 2680 258 2712 t=
274 2641 384 2745 zddzy
402 2678 443 2721 χ
461 2642 559 2745 ἐξ
579 2686 672 2725 ergo
695 2675 730 2715 P
748 2683 764 2715 ι
781 2692 838 2713 =
861 2676 897 2715 P
910 2690 936 2728 P
954 2675 1007 2730 'l‘
1025 2688 1051 2725 P
1068 2681 1085 2714 t
1102 2691 1159 2713 =
1189 2689 1215 2727 y
1238 2675 1291 2727 *l-
1315 2642 1427 2746 gddzy
1446 2681 1487 2724 ><
1511 2640 1592 2744 (Ξῖ-ΞΡ
1611 2671 1678 2712 sed
1696 2670 1728 2709 si
1747 2670 1912 2709 ducatur
1931 2668 1966 2706 P
1985 2684 2003 2720 e
2022 2662 2272 2715 perpendicu-

126 2757 216 2797 laris
233 2760 282 2798 ad
300 2772 457 2798 curvam
476 2760 518 2798 in
540 2761 575 2799 P
594 2760 666 2799 erit
684 2761 800 2800 etiam
819 2763 961 2812 triang·
991 2761 1026 2800 P
1044 2779 1063 2816 ς
1083 2769 1099 2800 t
1126 2762 1252 2799 simile
1278 2761 1419 2812 triang.
1444 2771 1472 2800 Γ
1491 2774 1517 2810 p
1536 2769 1553 2799 t
1580 2756 1747 2808 ideoque
1765 2755 1904 2806 triang.
1928 2749 2127 2791 fluxionali
2144 2764 2155 2796 ;
2184 2759 2271 2786 nam

127 2813 177 2852 ob
194 2813 489 2852 similitudinem
508 2826 725 2859 curvarum,
744 2823 908 2866 tangens
927 2823 955 2852 Γ
973 2822 990 2852 t
1007 2826 1063 2854 est
1082 2815 1266 2864 parallela
1286 2827 1413 2853 curvae
1433 2815 1472 2852 in
1494 2815 1554 2861 P;
1575 2810 1741 2862 ideoque
1760 2809 1930 2859 angulus
1948 2825 1966 2860 ς
1986 2814 2044 2844 est
2062 2811 2198 2846 rectus,
2219 2810 2276 2850 est

127 2882 988 2984 ergodvaddzutPtsivey÷²ddzy
1668 2872 2145 2980 Xss—y-dem

438 2999 520 3038 dm

130 3028 256 3069 deleta
273 3034 420 3073 ratione
442 3055 519 3063 ——
546 3044 635 3083 quae
665 3030 754 3071 data
780 3038 848 3076 est,
877 3031 1142 3082 perpendiculi
1168 3033 1294 3083 portio
1319 3032 1422 3073 inter
1445 3031 1543 3072 duas
1570 3043 1706 3071 curvas
1733 3026 1879 3068 similes
1905 3024 2104 3074 intercepti
2133 3021 2204 3060 erit
2229 3032 2266 3060 ut

128 3079 504 3170 de÷Zdym

252 3181 319 3219 dv

2196 2901 2267 2940 sive

1009 2917 1051 2960 ><
1074 2880 1158 2985 ἀ-ῐὲι
1176 2912 1226 2953 ad
1249 2914 1284 2953 P
1303 2932 1321 2969 ς
1340 2913 1447 2966 quod
1466 2913 1538 2952 erit
1556 2923 1650 2964 ergo

442 3178 453 3198 ‚
473 3134 752 3201 multiplicetur
770 3151 810 3189 id
828 3151 1150 3200 perpendiculum
1169 3166 1237 3203 per
1253 3167 1279 3205 y
1298 3152 1324 3191 d
1343 3166 1378 3200 v,
1398 3152 1546 3192 factum
1566 3151 1638 3190 erit
1654 3158 1701 3190 ut
1718 3150 1889 3188 annulus
1906 3146 2052 3185 solidus
2070 3146 2171 3185 inter
2185 3160 2272 3186 cur-

39 3269 47 3276 ,
104 3241 198 3268 ‘vas
223 3230 454 3284 interceptus
480 3236 637 3275 tandem
664 3249 757 3288 ergo
780 3236 1062 3285 multiplicetur
1087 3251 1113 3288 y
1132 3240 1150 3261 2
1170 3235 1201 3276 d¹
1215 3252 1234 3276 z
1257 3240 1311 3293 -Ι-
1331 3253 1350 3279 z
1368 3253 1394 3290 y
1413 3238 1438 3277 d
1456 3252 1482 3289 y
1506 3250 1575 3287 per
1599 3237 1768 3275 valorem
1787 3233 1982 3286 gravitatis
2000 3232 2274 3271 acceleratricis

130 3284 345 3343 secundum
377 3288 410 3325 P
431 3288 462 3326 Z
490 3301 578 3339 quae
602 3291 709 3338 prius
736 3290 893 3327 inventa
910 3290 996 3334 fuit,
1019 3291 1164 3328 sactum
1186 3293 1257 3330 erit
1276 3303 1319 3331 ut
1338 3292 1493 3342 pondus
1510 3290 1619 3328 fluidi
1639 3291 1740 3327 inter
1758 3302 1892 3326 curvas
1910 3285 2054 3324 similes
2072 3287 2273 3336 intercepti

129 3348 171 3372 m
190 3345 335 3385 puncto
356 3339 402 3385 P,
423 3350 624 3379 sumantur
642 3343 727 3392 ejus
745 3343 834 3380 facti
853 3342 1043 3381 fluxiones
1061 3344 1162 3381 sacta
1179 3344 1205 3382 d
1223 3358 1243 3382 z
1262 3346 1462 3391 constanti,
1484 3353 1522 3383 et
1540 3344 1663 3381 nihilo
1682 3350 1883 3392 aequentur
1901 3339 1976 3377 illae
1996 3338 2197 3385 fluxiones,
2217 3342 2271 3378 Sic

128 3389 298 3449 pondera
315 3392 490 3429 omniurn
509 3396 677 3443 partium
697 3397 797 3433 inter
815 3395 910 3433 duas
929 3409 1064 3434 curvas
1082 3406 1352 3443 contentarum
1373 3399 1468 3437 fient
1486 3390 1661 3448 aequalia,
1691 3404 1730 3434 et
1754 3394 1955 3433 habebitur
1973 3392 2138 3443 ae‘luatio
2156 3392 2271 3431 flUXi·

129 3442 253 3480 onalis
272 3455 399 3481 curvae
417 3457 533 3496 quam
551 3449 787 3486 meridianus
808 3449 938 3486 Terrae
957 3450 1121 3488 affectat.

185 3530 277 3568 Alia
304 3531 419 3570 etiam
446 3540 503 3597 est
527 3533 668 3595 in·hoc
699 3536 944 3576 Problemate
970 3538 1140 3577 conditio
1157 3552 1245 3590 quae
1262 3540 1414 3579 brevius
1433 3540 1689 3591 aequationem
1708 3538 1951 3588 suppeditare
1969 3545 2108 3587 posset,
2129 3549 2269 3586 nempe

131 3581 216 3634 (fig.
240 3584 425 3634 praeced.)
446 3598 538 3623 cum
555 3595 605 3625 sit
624 3588 657 3625 P
681 3589 722 3633 Q
738 3589 789 3627 ad
810 3591 841 3627 Z
864 3590 903 3628 V
921 3598 967 3628 ut
989 3592 1020 3629 Z
1043 3592 1080 3630 Y
1098 3592 1146 3630 ad
1170 3593 1206 3630 Y
1230 3593 1280 3638 Q,
1307 3601 1345 3630 et
1367 3594 1398 3631 Z
1419 3594 1458 3631 V
1477 3594 1526 3631 sit
1542 3593 1687 3642 ubique
1706 3600 1751 3630 ut
1769 3592 1825 3630 vis
1841 3592 2060 3643 centrifuga
2077 3592 2212 3640 puncti
2234 3591 2271 3628 P

128 3647 216 3685 quae
242 3645 299 3674 est
326 3650 475 3698 semper
502 3640 795 3687 proportionalis
812 3642 1002 3681 ordinatae
1026 3645 1060 3682 P
1084 3646 1134 3691 Q,
1155 3645 1252 3683 ratio
1275 3646 1306 3683 Z
1328 3646 1364 3684 Y
1384 3646 1432 3683 ad
1453 3647 1490 3684 Y
1513 3647 1553 3690 Q
1570 3652 1749 3683 constans
1767 3658 1847 3683 esse
1865 3645 1989 3684 debet.
2050 3646 2158 3682 Bene
2176 3656 2269 3694 ergo

129 3699 190 3748 res
214 3702 255 3727 se
282 3691 396 3750 habet
424 3703 456 3727 st
484 3699 648 3752 utroque
675 3694 793 3732 modo
820 3696 954 3734 eadem
982 3698 1199 3736 obtineatur
1219 3711 1347 3744 curva,
1368 3699 1426 3735 sin
1445 3698 1587 3743 minus,
1608 3706 1755 3747 oportet
1774 3707 1820 3737 ut
1838 3699 1937 3736 inter
1954 3699 2022 3736 has
2039 3698 2271 3747 hypotheses

130 3740 257 3802 ahqua
274 3750 323 3780 sxt
341 3753 607 3804 repugnantia,
628 3757 768 3796 nempe
784 3746 867 3785 dari
884 3749 1064 3797 solidum,
1087 3751 1333 3789 uniformiter
1346 3751 1523 3796 densum,
1543 3760 1673 3791 rotans
1691 3750 1791 3790 circa
1808 3764 1921 3791 axem
1940 3760 1978 3789 et
1996 3752 2037 3788 in
2055 3749 2271 3801 aequilibrio

132 3801 397 3842 constitutum,
422 3809 467 3858 ‚¹¹¹
495 3810 580 3858 quo·
601 3798 730 3836 media
748 3800 856 3841 ,actio
881 3801 982 3839 inter
1007 3804 1235 3854 gravitatem
1256 3812 1293 3841 et
1314 3803 1391 3841 vim
1410 3804 1667 3855 centrifugam
1695 3804 1743 3844 sit
1769 3804 2096 3855 perpendicularis
2114 3803 2164 3840 ad
2182 3814 2267 3840 cur-

131 3857 240 3894 vam3
260 3860 349 3898 quae
366 3849 524 3899 quidem
542 3850 645 3889 d1cta
665 3864 744 3890 non
763 3860 950 3901 putentur
968 3864 1013 3893 ut
1029 3856 1249 3906 praeripiam
1269 3856 1439 3906 palmam
1456 3865 1495 3896 et
1512 3856 1670 3897 laudem
1687 3857 1745 3897 illi
1762 3858 1830 3909 qui
1847 3857 1981 3909 majori
2001 3853 2187 3907 patientia.
2202 3863 2271 3894 aut

183 3917 281 3957 Vot..
307 3920 396 3960 ΙΙΙ.
532 3952 539 3959 .
1189 3927 1238 3969 H
