2528 4172
283 249 449 301 xxxiv
1060 247 1617 303 INTRODUCTIO
2131 254 2293 320 [CAP.
2325 254 2430 308 III.

285 393 524 445 diametri
549 393 844 462 apparentis
873 392 1058 455 Lunae,
1086 402 1199 444 tum
1224 394 1510 447 velocitatis
1535 389 1698 465 ipsius
1724 395 1779 445 in
1807 393 1910 451 una
1936 394 2259 450 revolutione
2285 399 2432 450 collim

283 484 425 553 gitur
460 483 600 534 hunc
635 483 896 552 planetam
920 482 1068 535 radio
1092 483 1160 534 ad
1186 494 1422 536 centrum
1446 494 1600 539 terrae
1625 486 1785 538 ducto
1811 504 1956 538 areas
1983 485 2277 543 describere
2301 499 2433 541 tem-

276 573 498 642 poribus
525 572 728 624 circiter
752 571 1187 640 proportionales.
2372 565 2375 567 ⁵

355 670 441 714 43.
483 662 539 714 Si
575 658 748 731 itaque
785 660 1086 713 observetur
1122 661 1267 715 locus
1309 660 1443 714 Solis
1480 662 1536 712 in
1574 659 1831 731 Ecliptica
1870 662 2082 732 quando
2121 673 2233 715 tum
2268 663 2431 732 ipsius

282 750 524 807 velocitas
562 758 675 801 tum
712 748 962 801 diameter
999 734 1493 819 apparensminima
1517 761 1610 815 est,
1645 738 1857 803 dabitur
1881 761 2115 822 tempore
2140 753 2262 805 dato
2287 754 2431 806 locus

283 839 508 910 Apogaei
550 839 686 892 Solis
728 849 780 892 et
823 840 1021 892 collatis
1069 841 1301 909 plurium
1340 859 1599 893 annorum
1644 842 2094 895 observationibus
2138 845 2432 896 innotescet

282 930 507 1001 Apogaei
532 940 703 982 motus
728 949 931 983 annuus
958 931 1046 1001 qui
1077 930 1228 1001 juxta
1253 932 1325 985 D.
1357 932 1560 984 Cassini
1586 943 1663 985 est
1694 934 1734 985 l‘
1764 935 1829 985 2''
1855 945 1908 987 et
1937 936 2059 987 inde
2084 955 2181 1005 per
2205 955 2430 1005 propor-

280 1020 435 1073 tionis
461 1019 694 1090 regulam
718 1019 939 1072 habetur
964 1030 1135 1072 motus
1164 1021 1389 1092 Apogaei
1413 1039 1511 1090 pro
1538 1022 1770 1091 quolibet
1794 1023 1917 1075 dato
1950 1034 2203 1093 tempore.
2282 1025 2430 1076 Hinc

281 1111 324 1164 si
348 1119 583 1179 tempore
619 1109 800 1180 quovis
837 1110 1139 1161 observetur
1181 1110 1315 1163 Solis
1352 1110 1625 1181 longitudo
1660 1129 1801 1174 vera,
1841 1111 2051 1170 dabitur
2089 1113 2274 1179 eodem
2299 1124 2430 1165 tem·-

277 1222 407 1273 pore
442 1203 588 1255 locus
615 1202 841 1273 Apogaei
870 1202 1005 1254 Solis
1032 1211 1083 1253 et
1107 1201 1268 1270 ipsius
1295 1201 1553 1252 anomalia
1576 1219 1699 1252 vera
1723 1187 1791 1253 ex
1817 1201 1919 1272 qua
1947 1212 2157 1261 eruetur
2196 1203 2430 1273 ejusdem
2479 1256 2481 1258 ,

279 1294 538 1347 anomalia
555 1293 727 1345 media
747 1296 862 1362 (per
884 1292 1059 1345 Schol.
1080 1292 1148 1344 ad
1167 1292 1327 1361 Prop.
1349 1292 1577 1344 XXXI.
1599 1291 1720 1344 Lib.
1747 1293 1815 1359 I.)
1834 1313 1895 1345 ac
1913 1293 2136 1363 proinde
2156 1294 2430 1366 longitudo

276 1385 454 1438 media
482 1383 758 1436 habebitur
793 1392 1031 1451 tempore
1063 1381 1449 1434 observationis.
1529 1381 1669 1433 Haec
1692 1381 1970 1453 longitudo
1993 1383 2166 1437 media
2192 1402 2424 1439 assuma-

275 1490 361 1531 tur
396 1488 647 1548 tanquam
678 1476 831 1528 radix
865 1494 956 1527 seu
991 1474 1310 1544 principium
1345 1482 1584 1525 motuum
1619 1473 1914 1525 mediorum
1943 1474 2088 1527 Solis
2130 1482 2182 1526 et
2218 1483 2425 1543 tempus

276 1566 649 1620 observationis
684 1575 933 1635 tanquam
971 1564 1170 1634 epocha
1200 1573 1496 1632 temporum
1531 1562 1825 1615 mediorum
1859 1548 2329 1638 complitandorum
2373 1575 2424 1617 et

275 1659 398 1710 dato
425 1656 657 1727 quolibet
679 1655 781 1707 alio
807 1665 1042 1724 tempore
1059 1653 1233 1706 medio
1251 1654 1470 1705 inveniri
1494 1653 1686 1722 poterit
1710 1654 1911 1707 medius
1941 1655 2076 1708 Solis
2103 1665 2276 1706 motus
2303 1655 2428 1708 huic

273 1749 499 1819 tempori
546 1748 968 1818 proportionaliS,
1020 1757 1072 1800 et
1114 1744 1237 1798 inde
1286 1745 1564 1797 habebitur
1612 1745 1775 1815 ipsius
1825 1746 2100 1818 longitudo
2149 1746 2324 1798 media
2376 1757 2430 1799 et

274 1840 519 1893 distantia
561 1841 675 1910 ejus.
697 1839 871 1891 media
913 1838 980 1890 ab
1025 1838 1266 1908 Apogaeo
1316 1855 1407 1888 seu
1456 1835 1713 1887 anomalia
1749 1836 1922 1888 media
1965 1836 2178 1888 dabitur
2214 1855 2283 1888 ex
2326 1836 2427 1906 qua

274 1930 467 1984 deinde
518 1939 730 1984 eruetur
778 1929 1036 1981 anomalia
1078 1936 1363 1999 coaequata,
1415 1946 1476 1980 ac
1524 1925 1745 1997 proinde
1792 1927 2067 1999 longitudo
2116 1946 2238 1981 vera
2292 1928 2428 1981 Solis

273 2021 570 2073 habebitur.

344 2118 432 2162 44.
474 2109 616 2172 Quia
651 2107 776 2161 vero
810 2108 922 2160 dies
951 2107 1157 2161 Solares
1183 2115 1303 2159 sunt
1327 2106 1608 2176 inaequales
1637 2108 1769 2176 (15),
1797 2125 2008 2161 necesse
2033 2117 2112 2161 est
2136 2117 2196 2160 ut
2220 2092 2426 2177 tempus

273 2216 527 2268 apparens
566 2197 709 2268 quod
745 2196 928 2249 diebus
967 2195 1220 2249 solaribus
1259 2203 1476 2257 constat,
1515 2195 1643 2253 fluat
1668 2195 1807 2246 enim
1832 2195 2229 2266 inaequabiliter.
2303 2194 2424 2248 Dif-

273 2290 492 2343 ferentia
529 2308 647 2360 quae
684 2298 764 2341 est
798 2289 934 2339 inter
970 2296 1175 2355 tempus
1210 2303 1466 2354 apparens
1503 2303 1595 2336 seu
1631 2303 1813 2336 verum
1845 2295 1897 2338 et
1934 2295 2143 2355 tempus
2169 2285 2424 2355 aequabile
2458 2349 2459 2352 Ἴ

274 2400 366 2432 seu
401 2379 634 2431 medium
671 2378 862 2431 dicitur
886 2376 1111 2446 aequatio
1136 2374 1385 2443 temporis
1413 2372 1514 2442 qua
1541 2373 1834 2444 indigemus
1860 2382 1919 2426 ut
1944 2383 2150 2444 tempus
2190 2372 2424 2425 medium

273 2477 603 2523 convertatur
627 2467 683 2517 in
706 2476 912 2534 tempus
932 2483 1186 2534 apparens
1207 2473 1258 2516 et
1277 2463 1387 2514 vice
1406 2461 1569 2526 versa,
1592 2462 1816 2533 ideoque
1835 2473 1895 2516 ut
1911 2463 2124 2516 invento
2148 2464 2266 2516 loco
2289 2462 2423 2515 Solis

272 2580 370 2633 pro
395 2571 631 2629 tempore
655 2559 845 2621 medic,
874 2556 1165 2614 inveniatur
1190 2555 1345 2607 etiam
1369 2571 1469 2623 pro
1492 2562 1729 2623 tempore
1754 2572 1881 2614 vero
1906 2564 1958 2607 et
1983 2552 2181 2607 contra.

344 2657 430 2703 45.
498 2650 578 2702 Sit
626 2648 694 2711 T,
746 2647 882 2701 Coeli
925 2657 977 2698 et
1020 2645 1203 2697 Terrae
1253 2652 1488 2695 centrum

275 2741 327 2794 T
374 2741 433 2804 Ζ,
478 2739 696 2809 planum
738 2736 1004 2788 immobile
1051 2735 1231 2787 circuli
1274 2733 1488 2802 alicujus

273 2829 488 2893 horarii,
517 2838 568 2876 ‘v'
599 2827 665 2880 M
690 2840 744 2871 st
773 2828 826 2879 N
852 2836 1103 2896 aequat0r‚
1131 2835 1182 2872 ‘Y‘
1216 2826 1252 2877 S
1272 2835 1324 2868 Ξ
1351 2835 1406 2867 -’-“-
1436 2828 1487 2876 ²5²

275 2920 532 2990 ecliptica,
580 2921 617 2972 S
672 2918 780 2981 Sol,
832 2927 883 2964 ‘Y'
940 2917 977 2969 S
1031 2915 1166 2968 Solis
1215 2913 1492 2985 longitudo

277 3030 417 3074 vera,
457 3020 510 3058 ‘V‘
543 3028 567 3062 s
606 3008 837 3079 ejusdem
873 3005 1145 3077 longitudo
1177 2999 1366 3067 media,
1406 3003 1490 3054 cui

276 3101 489 3172 aequalis
516 3099 749 3168 capiatur
776 3115 925 3149 arcus
950 3094 1228 3165 aequatoris
1254 3104 1305 3142 ‘V'
1336 3093 1418 3156 M,
1438 3102 1489 3145 et

278 3201 330 3239 ‘V‘
359 3192 416 3244 D
455 3191 522 3242 sit
562 3188 697 3242 Solis
728 3186 960 3241 ascensio
992 3194 1134 3237 recta
1157 3202 1296 3245 vera.
1372 3183 1489 3235 Du-
1571 3181 1633 3231 ’Υ

279 3290 464 3333 cantur
501 3280 569 3331 ad
604 3288 799 3348 puncta
834 3275 1047 3349 mobilia
1084 3274 1150 3326 M
1188 3282 1241 3326 et
1274 3273 1330 3326 D
1356 3272 1488 3325 radii

279 3370 558 3441 aequatoris
585 3370 637 3421 T
658 3368 723 3420 M
750 3378 802 3420 et
827 3366 878 3418 T
895 3366 949 3425 D
977 3364 1066 3435 qui
1091 3380 1295 3432 semper
1314 3380 1490 3415 move-

278 3469 431 3512 antur
457 3477 576 3510 cum
599 3458 806 3526 punctis
835 3455 900 3508 M
921 3465 972 3507 et
991 3455 1063 3517 D,
1090 3454 1145 3505 in
1172 3470 1491 3522 consequen-

277 3548 364 3600 tia.
470 3547 750 3608 Quoniam*
799 3554 1030 3615 aequator
1088 3561 1183 3612 per
1235 3541 1485 3598 circulum

271 3637 544 3689 horarium
594 3636 646 3688 T
697 3635 765 3706 Z,>
807 3644 953 3687 motu
1002 3632 1246 3704 aequabili
1294 3632 1483 3683 diurno

278 3726 465 3796 nempe
492 3726 583 3797 qui
606 3725 667 3778 fit
690 3725 757 3777 ab
782 3724 980 3778 oriente
1003 3723 1059 3784 in
1084 3721 1422 3787 occidentem,
1450 3719 1664 3785 transit3
1692 3721 1735 3774 si
1760 3729 2013 3790 punctum
2032 3720 2088 3773 D
2108 3716 2422 3771 ascensionis

1579 2705 1620 2756 Z
