<?xml version="1.0" encoding="UTF-8"?>
<!DOCTYPE html PUBLIC "-//W3C//DTD XHTML 1.0 Transitional//EN"
    "http://www.w3.org/TR/xhtml1/DTD/xhtml1-transitional.dtd">
<html xmlns="http://www.w3.org/1999/xhtml" xml:lang="en" lang="en">
 <head>
  <title>
</title>
<meta http-equiv="Content-Type" content="text/html;charset=utf-8" />
  <meta name='ocr-system' content='tesseract 3.04.00' />
  <meta name='ocr-capabilities' content='ocr_page ocr_carea ocr_par ocr_line ocrx_word'/>
</head>
<body>
  <div class='ocr_page' id='page_1' title='image "./philonatrualprin03newtrich_0092.png"; bbox 0 0 2528 4172; ppageno 0'>
   <div class='ocr_carea' id='block_1_1' title="bbox 241 255 2378 347">
    <p class='ocr_par' dir='ltr' id='par_1_1' title="bbox 241 255 2378 347">
     <span class='ocr_line' id='line_1_1' title="bbox 241 255 2378 347; baseline -0.006 -29"><span class='ocrx_word' id='word_1_1' title='bbox 241 273 311 319; x_wconf 80' lang='lat'><em>44·</em></span> <span class='ocrx_word' id='word_1_2' title='bbox 478 340 483 347; x_wconf 12' lang='grc' dir='ltr'><strong>Κ</strong></span> <span class='ocrx_word' id='word_1_3' title='bbox 736 255 1304 317; x_wconf 79' lang='lat' dir='ltr'>PHILOSOPHIAE</span> <span class='ocrx_word' id='word_1_4' title='bbox 1344 257 1800 313; x_wconf 87' lang='lat' dir='ltr'>NATURALIS</span> <span class='ocrx_word' id='word_1_5' title='bbox 1855 257 1973 321; x_wconf 80' lang='lat' dir='ltr'><em>[DE</em></span> <span class='ocrx_word' id='word_1_6' title='bbox 1998 257 2200 309; x_wconf 75' lang='lat' dir='ltr'><em>MUNn.</em></span> <span class='ocrx_word' id='word_1_7' title='bbox 2226 257 2378 308; x_wconf 68' lang='lat' dir='ltr'><em>Srsr.</em></span> 
     </span>
    </p>
   </div>
   <div class='ocr_carea' id='block_1_2' title="bbox 1020 544 1606 597">
    <p class='ocr_par' dir='ltr' id='par_1_2' title="bbox 1020 544 1606 597">
     <span class='ocr_line' id='line_1_2' title="bbox 1020 544 1606 597; baseline -0.003 -1"><span class='ocrx_word' id='word_1_8' title='bbox 1020 544 1524 597; x_wconf 86' lang='lat' dir='ltr'><em>HYPOTHESIS</em></span> <span class='ocrx_word' id='word_1_9' title='bbox 1564 544 1606 595; x_wconf 92' lang='grc' dir='ltr'><em>Ι.</em></span> 
     </span>
    </p>
   </div>
   <div class='ocr_carea' id='block_1_3' title="bbox 775 689 1862 758">
    <p class='ocr_par' dir='ltr' id='par_1_3' title="bbox 775 689 1862 758">
     <span class='ocr_line' id='line_1_3' title="bbox 775 689 1862 758; baseline -0.002 -17"><span class='ocrx_word' id='word_1_10' title='bbox 775 689 1009 741; x_wconf 81' lang='lat' dir='ltr'><em>Centrum</em></span> <span class='ocrx_word' id='word_1_11' title='bbox 1037 690 1312 758; x_wconf 68' lang='lat' dir='ltr'><em>systematis</em></span> <span class='ocrx_word' id='word_1_12' title='bbox 1337 690 1579 740; x_wconf 80' lang='lat' dir='ltr'><em>mundani</em></span> <span class='ocrx_word' id='word_1_13' title='bbox 1605 690 1862 756; x_wconf 83' lang='lat' dir='ltr'><em>quiescere.</em></span> 
     </span>
    </p>
   </div>
   <div class='ocr_carea' id='block_1_4' title="bbox 244 846 2389 1012">
    <p class='ocr_par' dir='ltr' id='par_1_4' title="bbox 244 846 2389 1012">
     <span class='ocr_line' id='line_1_4' title="bbox 323 846 2389 919; baseline -0.004 -16"><span class='ocrx_word' id='word_1_14' title='bbox 323 849 450 903; x_wconf 90' lang='lat' dir='ltr'><em>Hoc</em></span> <span class='ocrx_word' id='word_1_15' title='bbox 486 848 551 901; x_wconf 90' lang='lat' dir='ltr'><em>ab</em></span> <span class='ocrx_word' id='word_1_16' title='bbox 589 848 830 900; x_wconf 88' lang='lat' dir='ltr'><em>omnibus</em></span> <span class='ocrx_word' id='word_1_17' title='bbox 869 867 1172 901; x_wconf 89' lang='lat' dir='ltr'><em>concessum</em></span> <span class='ocrx_word' id='word_1_18' title='bbox 1210 859 1302 912; x_wconf 88' lang='lat' dir='ltr'><em>est,</em></span> <span class='ocrx_word' id='word_1_19' title='bbox 1344 849 1470 901; x_wconf 91' lang='lat' dir='ltr'><em>dum</em></span> <span class='ocrx_word' id='word_1_20' title='bbox 1507 848 1665 919; x_wconf 83' lang='lat' dir='ltr'>aliqui</span> <span class='ocrx_word' id='word_1_21' title='bbox 1711 848 1949 909; x_wconf 83' lang='lat' dir='ltr'><em>Terram,</em></span> <span class='ocrx_word' id='word_1_22' title='bbox 1991 847 2077 898; x_wconf 85' lang='lat' dir='ltr'><em>alii</em></span> <span class='ocrx_word' id='word_1_23' title='bbox 2124 846 2298 899; x_wconf 85' lang='lat' dir='ltr'><em>Solem</em></span> <span class='ocrx_word' id='word_1_24' title='bbox 2337 846 2389 896; x_wconf 86' lang='lat' dir='ltr'><em>in</em></span> 
     </span>
     <span class='ocr_line' id='line_1_5' title="bbox 244 938 2334 1012; baseline -0.004 -17"><span class='ocrx_word' id='word_1_25' title='bbox 244 950 422 996; x_wconf 85' lang='lat' dir='ltr'><em>centro</em></span> <span class='ocrx_word' id='word_1_26' title='bbox 448 941 737 1012; x_wconf 81' lang='lat' dir='ltr'><em>systematis</em></span> <span class='ocrx_word' id='word_1_27' title='bbox 763 941 1028 1010; x_wconf 81' lang='lat' dir='ltr'><em>quiescere</em></span> <span class='ocrx_word' id='word_1_28' title='bbox 1055 940 1387 994; x_wconf 81' lang='lat' dir='ltr'>contendant.</span> <span class='ocrx_word' id='word_1_29' title='bbox 1463 939 1747 992; x_wconf 84' lang='lat' dir='ltr'><em>Videamus</em></span> <span class='ocrx_word' id='word_1_30' title='bbox 1775 938 1900 1008; x_wconf 90' lang='lat' dir='ltr'><em>quid</em></span> <span class='ocrx_word' id='word_1_31' title='bbox 1927 938 2049 990; x_wconf 90' lang='lat' dir='ltr'><em>inde</em></span> <span class='ocrx_word' id='word_1_32' title='bbox 2074 948 2334 1008; x_wconf 86' lang='lat' dir='ltr'><em>sequatur.</em></span> 
     </span>
    </p>
   </div>
   <div class='ocr_carea' id='block_1_5' title="bbox 666 1152 1970 1207">
    <p class='ocr_par' dir='ltr' id='par_1_5' title="bbox 666 1152 1970 1207">
     <span class='ocr_line' id='line_1_6' title="bbox 666 1152 1970 1207; baseline -0.001 -2"><span class='ocrx_word' id='word_1_33' title='bbox 666 1152 1143 1207; x_wconf 89' lang='lat' dir='ltr'>PROPOSITIO</span> <span class='ocrx_word' id='word_1_34' title='bbox 1188 1154 1294 1206; x_wconf 92' lang='lat' dir='ltr'><em>XI.</em></span> <span class='ocrx_word' id='word_1_35' title='bbox 1372 1152 1827 1207; x_wconf 90' lang='lat' dir='ltr'><strong>THEOREMA</strong></span> <span class='ocrx_word' id='word_1_36' title='bbox 1867 1153 1970 1205; x_wconf 88' lang='lat' dir='ltr'><em>XI.</em></span> 
     </span>
    </p>
   </div>
   <div class='ocr_carea' id='block_1_6' title="bbox 250 1299 2390 1370">
    <p class='ocr_par' dir='ltr' id='par_1_6' title="bbox 250 1299 2390 1370">
     <span class='ocr_line' id='line_1_7' title="bbox 250 1299 2390 1370; baseline 0 -19"><span class='ocrx_word' id='word_1_37' title='bbox 250 1299 511 1351; x_wconf 80' lang='lat' dir='ltr'><em>Commune</em></span> <span class='ocrx_word' id='word_1_38' title='bbox 535 1306 752 1350; x_wconf 82' lang='lat' dir='ltr'><em>centrum</em></span> <span class='ocrx_word' id='word_1_39' title='bbox 784 1301 1062 1367; x_wconf 79' lang='lat' dir='ltr'><em>gravitatis</em></span> <span class='ocrx_word' id='word_1_40' title='bbox 1096 1301 1284 1363; x_wconf 80' lang='lat' dir='ltr'><em>Terrce,</em></span> <span class='ocrx_word' id='word_1_41' title='bbox 1314 1301 1444 1353; x_wconf 84' lang='lat' dir='ltr'><em>Solis</em></span> <span class='ocrx_word' id='word_1_42' title='bbox 1470 1309 1517 1352; x_wconf 90' lang='lat' dir='ltr'><em>et</em></span> <span class='ocrx_word' id='word_1_43' title='bbox 1543 1303 1867 1368; x_wconf 77' lang='lat' dir='ltr'><em>planetarum</em></span> <span class='ocrx_word' id='word_1_44' title='bbox 1895 1304 2106 1352; x_wconf 83' lang='lat' dir='ltr'><em>omnium</em></span> <span class='ocrx_word' id='word_1_45' title='bbox 2132 1303 2390 1370; x_wconf 79' lang='lat' dir='ltr'><em>quiescere.</em></span> 
     </span>
    </p>
   </div>
   <div class='ocr_carea' id='block_1_7' title="bbox 244 1472 2392 1727">
    <p class='ocr_par' dir='ltr' id='par_1_7' title="bbox 244 1472 2392 1727">
     <span class='ocr_line' id='line_1_8' title="bbox 319 1472 2392 1549; baseline 0.002 -24"><span class='ocrx_word' id='word_1_46' title='bbox 319 1472 459 1525; x_wconf 90' lang='lat' dir='ltr'><em>Nam</em></span> <span class='ocrx_word' id='word_1_47' title='bbox 485 1484 721 1526; x_wconf 81' lang='lat' dir='ltr'><em>centrum</em></span> <span class='ocrx_word' id='word_1_48' title='bbox 747 1475 876 1527; x_wconf 86' lang='lat' dir='ltr'><em>illud</em></span> <span class='ocrx_word' id='word_1_49' title='bbox 917 1480 1033 1544; x_wconf 88' lang='lat' dir='ltr'><em>(per</em></span> <span class='ocrx_word' id='word_1_50' title='bbox 1056 1476 1232 1548; x_wconf 87' lang='lat' dir='ltr'><em>legum</em></span> <span class='ocrx_word' id='word_1_51' title='bbox 1262 1476 1437 1528; x_wconf 87' lang='lat' dir='ltr'><em>Corol.</em></span> <span class='ocrx_word' id='word_1_52' title='bbox 1466 1477 1538 1542; x_wconf 78' lang='lat'><em>4.)</em></span> <span class='ocrx_word' id='word_1_53' title='bbox 1566 1477 1647 1528; x_wconf 90' lang='lat' dir='ltr'><em>vel</em></span> <span class='ocrx_word' id='word_1_54' title='bbox 1675 1478 1901 1547; x_wconf 84' lang='lat' dir='ltr'><em>quiescet</em></span> <span class='ocrx_word' id='word_1_55' title='bbox 1925 1478 2006 1529; x_wconf 89' lang='lat' dir='ltr'><em>vel</em></span> <span class='ocrx_word' id='word_1_56' title='bbox 2031 1479 2392 1549; x_wconf 84' lang='lat' dir='ltr'><em>progredietur</em></span> 
     </span>
     <span class='ocr_line' id='line_1_9' title="bbox 244 1562 2391 1640; baseline 0.003 -28"><span class='ocrx_word' id='word_1_57' title='bbox 244 1562 570 1615; x_wconf 86' lang='lat' dir='ltr'><em>uniformiter</em></span> <span class='ocrx_word' id='word_1_58' title='bbox 606 1565 660 1615; x_wconf 92' lang='lat' dir='ltr'><em>in</em></span> <span class='ocrx_word' id='word_1_59' title='bbox 697 1565 967 1618; x_wconf 91' lang='lat' dir='ltr'><em>directum.</em></span> <span class='ocrx_word' id='word_1_60' title='bbox 1048 1568 1154 1619; x_wconf 89' lang='lat' dir='ltr'><em>Sed</em></span> <span class='ocrx_word' id='word_1_61' title='bbox 1179 1576 1359 1619; x_wconf 89' lang='lat' dir='ltr'><em>centro</em></span> <span class='ocrx_word' id='word_1_62' title='bbox 1396 1567 1486 1618; x_wconf 88' lang='lat' dir='ltr'><em>illo</em></span> <span class='ocrx_word' id='word_1_63' title='bbox 1515 1586 1720 1637; x_wconf 90' lang='lat' dir='ltr'><em>semper</em></span> <span class='ocrx_word' id='word_1_64' title='bbox 1744 1570 2128 1640; x_wconf 84' lang='lat' dir='ltr'><em>progrediente,</em></span> <span class='ocrx_word' id='word_1_65' title='bbox 2158 1581 2391 1622; x_wconf 82' lang='lat' dir='ltr'><em>centrum</em></span> 
     </span>
     <span class='ocr_line' id='line_1_10' title="bbox 244 1652 1537 1727; baseline 0.001 -20"><span class='ocrx_word' id='word_1_66' title='bbox 244 1652 427 1707; x_wconf 84' lang='lat' dir='ltr'><em>mundi</em></span> <span class='ocrx_word' id='word_1_67' title='bbox 453 1672 660 1724; x_wconf 93' lang='lat' dir='ltr'><em>quoque</em></span> <span class='ocrx_word' id='word_1_68' title='bbox 685 1655 978 1707; x_wconf 85' lang='lat' dir='ltr'><em>movebitur</em></span> <span class='ocrx_word' id='word_1_69' title='bbox 1003 1666 1184 1708; x_wconf 85' lang='lat' dir='ltr'><em>contra</em></span> <span class='ocrx_word' id='word_1_70' title='bbox 1207 1655 1537 1727; x_wconf 85' lang='lat' dir='ltr'><em>hypothesin.</em></span> 
     </span>
    </p>
   </div>
   <div class='ocr_carea' id='block_1_8' title="bbox 644 1862 2002 1919">
    <p class='ocr_par' dir='ltr' id='par_1_8' title="bbox 644 1862 2002 1919">
     <span class='ocr_line' id='line_1_11' title="bbox 644 1862 2002 1919; baseline 0.003 -5"><span class='ocrx_word' id='word_1_71' title='bbox 644 1862 1122 1919; x_wconf 88' lang='lat' dir='ltr'>PROPOSITIO</span> <span class='ocrx_word' id='word_1_72' title='bbox 1163 1865 1298 1917; x_wconf 91' lang='lat' dir='ltr'><em>XII.</em></span> <span class='ocrx_word' id='word_1_73' title='bbox 1376 1865 1829 1918; x_wconf 88' lang='lat' dir='ltr'><strong>THEOREMA</strong></span> <span class='ocrx_word' id='word_1_74' title='bbox 1869 1866 2002 1918; x_wconf 92' lang='lat' dir='ltr'>XII.</span> 
     </span>
    </p>
   </div>
   <div class='ocr_carea' id='block_1_9' title="bbox 248 2006 2396 2167">
    <p class='ocr_par' dir='ltr' id='par_1_9' title="bbox 248 2006 2396 2167">
     <span class='ocr_line' id='line_1_12' title="bbox 248 2006 2396 2078; baseline -0.001 -17"><span class='ocrx_word' id='word_1_75' title='bbox 248 2006 407 2061; x_wconf 82' lang='lat' dir='ltr'><em>Solem</em></span> <span class='ocrx_word' id='word_1_76' title='bbox 433 2014 566 2058; x_wconf 88' lang='lat' dir='ltr'><em>motu</em></span> <span class='ocrx_word' id='word_1_77' title='bbox 588 2016 835 2075; x_wconf 64' lang='lat' dir='ltr'><em>perpetuo</em></span> <span class='ocrx_word' id='word_1_78' title='bbox 862 2009 1074 2076; x_wconf 82' lang='lat' dir='ltr'><em>agitari,</em></span> <span class='ocrx_word' id='word_1_79' title='bbox 1100 2011 1188 2061; x_wconf 87' lang='lat' dir='ltr'><em>sed</em></span> <span class='ocrx_word' id='word_1_80' title='bbox 1210 2027 1462 2078; x_wconf 81' lang='lat' dir='ltr'><em>nunquam</em></span> <span class='ocrx_word' id='word_1_81' title='bbox 1486 2008 1631 2078; x_wconf 69' lang='lat' dir='ltr'><em>longe*</em></span> <span class='ocrx_word' id='word_1_82' title='bbox 1654 2012 1879 2061; x_wconf 82' lang='lat' dir='ltr'><em>recedere</em></span> <span class='ocrx_word' id='word_1_83' title='bbox 1904 2029 1936 2061; x_wconf 84' lang='lat' dir='ltr'><em>a</em></span> <span class='ocrx_word' id='word_1_84' title='bbox 1963 2011 2202 2061; x_wconf 84' lang='lat' dir='ltr'><em>communi</em></span> <span class='ocrx_word' id='word_1_85' title='bbox 2221 2027 2396 2077; x_wconf 79' lang='lat' dir='ltr'><em>gravz-</em></span> 
     </span>
     <span class='ocr_line' id='line_1_13' title="bbox 868 2101 1781 2167; baseline 0.001 -17"><span class='ocrx_word' id='word_1_86' title='bbox 868 2101 993 2151; x_wconf 82' lang='lat' dir='ltr'><em>tatz‘s</em></span> <span class='ocrx_word' id='word_1_87' title='bbox 1016 2107 1185 2151; x_wconf 87' lang='lat' dir='ltr'><em>centro</em></span> <span class='ocrx_word' id='word_1_88' title='bbox 1201 2102 1528 2167; x_wconf 79' lang='lat' dir='ltr'><em>planetarum</em></span> <span class='ocrx_word' id='word_1_89' title='bbox 1553 2103 1781 2152; x_wconf 84' lang='lat' dir='ltr'><em>omnium.</em></span> 
     </span>
    </p>
   </div>
   <div class='ocr_carea' id='block_1_10' title="bbox 248 2264 2403 3158">
    <p class='ocr_par' dir='ltr' id='par_1_10' title="bbox 248 2264 2403 3158">
     <span class='ocr_line' id='line_1_14' title="bbox 323 2264 2400 2336; baseline -0 -18"><span class='ocrx_word' id='word_1_90' title='bbox 323 2265 464 2318; x_wconf 89' lang='lat' dir='ltr'><em>Nam</em></span> <span class='ocrx_word' id='word_1_91' title='bbox 490 2264 610 2318; x_wconf 75' lang='lat' dir='ltr'><em>cum</em></span> <span class='ocrx_word' id='word_1_92' title='bbox 639 2270 755 2336; x_wconf 90' lang='lat' dir='ltr'><em>(per</em></span> <span class='ocrx_word' id='word_1_93' title='bbox 786 2267 908 2319; x_wconf 87' lang='lat' dir='ltr'><em>Cor.</em></span> <span class='ocrx_word' id='word_1_94' title='bbox 932 2274 982 2319; x_wconf 79' lang='lat'><em>2.</em></span> <span class='ocrx_word' id='word_1_95' title='bbox 1012 2268 1170 2336; x_wconf 91' lang='lat' dir='ltr'><em>Prop.</em></span> <span class='ocrx_word' id='word_1_96' title='bbox 1193 2267 1376 2333; x_wconf 92' lang='lat' dir='ltr'>VIII.)</span> <span class='ocrx_word' id='word_1_97' title='bbox 1405 2267 1619 2319; x_wconf 89' lang='lat' dir='ltr'><em>materia</em></span> <span class='ocrx_word' id='word_1_98' title='bbox 1643 2267 1697 2318; x_wconf 92' lang='lat' dir='ltr'><em>in</em></span> <span class='ocrx_word' id='word_1_99' title='bbox 1726 2268 1846 2319; x_wconf 86' lang='lat' dir='ltr'><em>Sole</em></span> <span class='ocrx_word' id='word_1_100' title='bbox 1873 2268 1937 2319; x_wconf 88' lang='lat' dir='ltr'><em>sit</em></span> <span class='ocrx_word' id='word_1_101' title='bbox 1961 2268 2028 2318; x_wconf 90' lang='lat' dir='ltr'><em>ad</em></span> <span class='ocrx_word' id='word_1_102' title='bbox 2052 2268 2320 2319; x_wconf 80' lang='lat' dir='ltr'><em>materiam</em></span> <span class='ocrx_word' id='word_1_103' title='bbox 2347 2268 2400 2317; x_wconf 90' lang='lat' dir='ltr'><em>in</em></span> 
     </span>
     <span class='ocr_line' id='line_1_15' title="bbox 248 2355 2400 2419; baseline -0 -11"><span class='ocrx_word' id='word_1_104' title='bbox 248 2355 381 2408; x_wconf 89' lang='lat' dir='ltr'><em>Jove</em></span> <span class='ocrx_word' id='word_1_105' title='bbox 407 2366 466 2407; x_wconf 90' lang='lat' dir='ltr'><em>ut</em></span> <span class='ocrx_word' id='word_1_106' title='bbox 496 2362 632 2411; x_wconf 86' lang='lat'>1067</span> <span class='ocrx_word' id='word_1_107' title='bbox 661 2356 728 2407; x_wconf 89' lang='lat' dir='ltr'><em>ad</em></span> <span class='ocrx_word' id='word_1_108' title='bbox 761 2364 806 2419; x_wconf 86' lang='grc'><em>1,</em></span> <span class='ocrx_word' id='word_1_109' title='bbox 849 2367 900 2408; x_wconf 88' lang='lat' dir='ltr'><em>et</em></span> <span class='ocrx_word' id='word_1_110' title='bbox 938 2357 1181 2408; x_wconf 87' lang='lat' dir='ltr'><em>distantia</em></span> <span class='ocrx_word' id='word_1_111' title='bbox 1205 2356 1349 2408; x_wconf 89' lang='lat' dir='ltr'><em>Jovis</em></span> <span class='ocrx_word' id='word_1_112' title='bbox 1376 2376 1406 2407; x_wconf 90' lang='lat' dir='ltr'><em>a</em></span> <span class='ocrx_word' id='word_1_113' title='bbox 1435 2355 1555 2409; x_wconf 87' lang='lat' dir='ltr'><em>Sole</em></span> <span class='ocrx_word' id='word_1_114' title='bbox 1580 2355 1640 2407; x_wconf 88' lang='lat' dir='ltr'><em>fit</em></span> <span class='ocrx_word' id='word_1_115' title='bbox 1672 2355 1739 2407; x_wconf 91' lang='lat' dir='ltr'><em>ad</em></span> <span class='ocrx_word' id='word_1_116' title='bbox 1764 2356 2223 2407; x_wconf 89' lang='lat' dir='ltr'><em>semi—diametrum</em></span> <span class='ocrx_word' id='word_1_117' title='bbox 2266 2356 2400 2408; x_wconf 88' lang='lat' dir='ltr'><em>Solis</em></span> 
     </span>
     <span class='ocr_line' id='line_1_16' title="bbox 248 2444 2401 2515; baseline -0.001 -16"><span class='ocrx_word' id='word_1_118' title='bbox 248 2449 303 2500; x_wconf 92' lang='lat' dir='ltr'><em>in</em></span> <span class='ocrx_word' id='word_1_119' title='bbox 329 2446 537 2497; x_wconf 87' lang='lat' dir='ltr'><em>ratione</em></span> <span class='ocrx_word' id='word_1_120' title='bbox 561 2444 723 2515; x_wconf 74' lang='lat' dir='ltr'><em>paulo</em></span> <span class='ocrx_word' id='word_1_121' title='bbox 750 2447 946 2514; x_wconf 87' lang='lat' dir='ltr'><em>majore</em></span> <span class='ocrx_word' id='word_1_122' title='bbox 974 2446 1078 2515; x_wconf 83' lang='lat'>(†)3</span> <span class='ocrx_word' id='word_1_123' title='bbox 1115 2445 1308 2497; x_wconf 90' lang='lat' dir='ltr'><em>incidet</em></span> <span class='ocrx_word' id='word_1_124' title='bbox 1334 2463 1607 2497; x_wconf 90' lang='lat' dir='ltr'><em>commune</em></span> <span class='ocrx_word' id='word_1_125' title='bbox 1633 2454 1868 2496; x_wconf 90' lang='lat' dir='ltr'><em>centrum</em></span> <span class='ocrx_word' id='word_1_126' title='bbox 1892 2445 2154 2515; x_wconf 86' lang='lat' dir='ltr'><em>gravitatis</em></span> <span class='ocrx_word' id='word_1_127' title='bbox 2180 2446 2323 2497; x_wconf 86' lang='lat' dir='ltr'><em>Jovis</em></span> <span class='ocrx_word' id='word_1_128' title='bbox 2350 2455 2401 2497; x_wconf 89' lang='lat' dir='ltr'><em>et</em></span> 
     </span>
     <span class='ocr_line' id='line_1_17' title="bbox 253 2535 2401 2607; baseline -0.001 -17"><span class='ocrx_word' id='word_1_129' title='bbox 253 2537 391 2592; x_wconf 89' lang='lat' dir='ltr'><em>Solis</em></span> <span class='ocrx_word' id='word_1_130' title='bbox 429 2537 484 2588; x_wconf 91' lang='lat' dir='ltr'><em>in</em></span> <span class='ocrx_word' id='word_1_131' title='bbox 520 2546 776 2605; x_wconf 88' lang='lat' dir='ltr'><em>punctum</em></span> <span class='ocrx_word' id='word_1_132' title='bbox 804 2538 868 2606; x_wconf 79' lang='lat'>(¹¹)</span> <span class='ocrx_word' id='word_1_133' title='bbox 896 2537 1055 2605; x_wconf 89' lang='lat' dir='ltr'><em>paulo</em></span> <span class='ocrx_word' id='word_1_134' title='bbox 1093 2554 1249 2605; x_wconf 90' lang='lat' dir='ltr'><em>supra</em></span> <span class='ocrx_word' id='word_1_135' title='bbox 1286 2535 1613 2605; x_wconf 89' lang='lat' dir='ltr'><em>superficiem</em></span> <span class='ocrx_word' id='word_1_136' title='bbox 1642 2535 1791 2587; x_wconf 91' lang='lat' dir='ltr'><em>Solis.</em></span> <span class='ocrx_word' id='word_1_137' title='bbox 1869 2535 2071 2587; x_wconf 88' lang='lat' dir='ltr'><em>Eodem</em></span> <span class='ocrx_word' id='word_1_138' title='bbox 2097 2549 2401 2607; x_wconf 85' lang='lat' dir='ltr'><em>argumento</em></span> 
     </span>
     <span class='ocr_line' id='line_1_18' title="bbox 250 2626 2403 2688; baseline -0.002 -6"><span class='ocrx_word' id='word_1_139' title='bbox 250 2627 367 2682; x_wconf 72' lang='lat' dir='ltr'><em>elim</em></span> <span class='ocrx_word' id='word_1_140' title='bbox 397 2629 616 2680; x_wconf 89' lang='lat' dir='ltr'><em>materia</em></span> <span class='ocrx_word' id='word_1_141' title='bbox 639 2629 694 2679; x_wconf 91' lang='lat' dir='ltr'><em>in</em></span> <span class='ocrx_word' id='word_1_142' title='bbox 726 2628 846 2681; x_wconf 90' lang='lat' dir='ltr'><em>Sole</em></span> <span class='ocrx_word' id='word_1_143' title='bbox 873 2628 939 2679; x_wconf 88' lang='lat' dir='ltr'><em>sit</em></span> <span class='ocrx_word' id='word_1_144' title='bbox 965 2628 1033 2679; x_wconf 89' lang='lat' dir='ltr'><em>ad</em></span> <span class='ocrx_word' id='word_1_145' title='bbox 1058 2627 1330 2679; x_wconf 88' lang='lat' dir='ltr'><em>materiam</em></span> <span class='ocrx_word' id='word_1_146' title='bbox 1355 2628 1409 2677; x_wconf 90' lang='lat' dir='ltr'><em>in</em></span> <span class='ocrx_word' id='word_1_147' title='bbox 1439 2627 1663 2679; x_wconf 87' lang='lat' dir='ltr'><em>Saturno</em></span> <span class='ocrx_word' id='word_1_148' title='bbox 1688 2635 1746 2677; x_wconf 90' lang='lat' dir='ltr'><em>ut</em></span> <span class='ocrx_word' id='word_1_149' title='bbox 1772 2632 1904 2679; x_wconf 79' lang='lat'>3021</span> <span class='ocrx_word' id='word_1_150' title='bbox 1932 2626 1998 2677; x_wconf 90' lang='lat' dir='ltr'><em>ad</em></span> <span class='ocrx_word' id='word_1_151' title='bbox 2023 2633 2067 2688; x_wconf 86' lang='lat' dir='ltr'><em>l,</em></span> <span class='ocrx_word' id='word_1_152' title='bbox 2091 2637 2143 2677; x_wconf 91' lang='lat' dir='ltr'><em>et</em></span> <span class='ocrx_word' id='word_1_153' title='bbox 2162 2627 2403 2678; x_wconf 85' lang='lat' dir='ltr'><em>distantia</em></span> 
     </span>
     <span class='ocr_line' id='line_1_19' title="bbox 255 2715 2402 2784; baseline -0.002 -11"><span class='ocrx_word' id='word_1_154' title='bbox 255 2721 469 2773; x_wconf 85' lang='lat' dir='ltr'><em>Saturni</em></span> <span class='ocrx_word' id='word_1_155' title='bbox 494 2740 525 2772; x_wconf 88' lang='lat' dir='ltr'><em>a</em></span> <span class='ocrx_word' id='word_1_156' title='bbox 550 2720 671 2773; x_wconf 92' lang='lat' dir='ltr'><em>Sole</em></span> <span class='ocrx_word' id='word_1_157' title='bbox 697 2720 762 2771; x_wconf 89' lang='lat' dir='ltr'><em>sit</em></span> <span class='ocrx_word' id='word_1_158' title='bbox 788 2719 851 2771; x_wconf 89' lang='lat' dir='ltr'><em>ad</em></span> <span class='ocrx_word' id='word_1_159' title='bbox 882 2719 1351 2771; x_wconf 89' lang='lat' dir='ltr'><em>semi-diametrum</em></span> <span class='ocrx_word' id='word_1_160' title='bbox 1375 2717 1509 2770; x_wconf 91' lang='lat' dir='ltr'><em>Solis</em></span> <span class='ocrx_word' id='word_1_161' title='bbox 1534 2717 1589 2767; x_wconf 93' lang='lat' dir='ltr'><em>in</em></span> <span class='ocrx_word' id='word_1_162' title='bbox 1616 2717 1813 2768; x_wconf 89' lang='lat' dir='ltr'><em>ratione</em></span> <span class='ocrx_word' id='word_1_163' title='bbox 1837 2715 1993 2784; x_wconf 70' lang='lat' dir='ltr'><em>paulo</em></span> <span class='ocrx_word' id='word_1_164' title='bbox 2019 2716 2246 2768; x_wconf 87' lang='lat' dir='ltr'><em>minore:</em></span> <span class='ocrx_word' id='word_1_165' title='bbox 2275 2718 2402 2768; x_wconf 91' lang='lat' dir='ltr'><em>inci—</em></span> 
     </span>
     <span class='ocr_line' id='line_1_20' title="bbox 252 2807 2401 2881; baseline -0.002 -17"><span class='ocrx_word' id='word_1_166' title='bbox 252 2812 342 2864; x_wconf 92' lang='lat' dir='ltr'><em>det</em></span> <span class='ocrx_word' id='word_1_167' title='bbox 380 2830 670 2864; x_wconf 89' lang='lat' dir='ltr'><em>commune</em></span> <span class='ocrx_word' id='word_1_168' title='bbox 709 2822 944 2863; x_wconf 85' lang='lat' dir='ltr'><em>centrum</em></span> <span class='ocrx_word' id='word_1_169' title='bbox 981 2810 1247 2881; x_wconf 85' lang='lat' dir='ltr'><em>gravitatis</em></span> <span class='ocrx_word' id='word_1_170' title='bbox 1288 2808 1497 2861; x_wconf 87' lang='lat' dir='ltr'><em>Saturni</em></span> <span class='ocrx_word' id='word_1_171' title='bbox 1533 2818 1585 2859; x_wconf 89' lang='lat' dir='ltr'><em>et</em></span> <span class='ocrx_word' id='word_1_172' title='bbox 1618 2807 1750 2860; x_wconf 89' lang='lat' dir='ltr'><em>Solis</em></span> <span class='ocrx_word' id='word_1_173' title='bbox 1784 2807 1837 2857; x_wconf 89' lang='lat' dir='ltr'><em>in</em></span> <span class='ocrx_word' id='word_1_174' title='bbox 1869 2816 2120 2875; x_wconf 89' lang='lat' dir='ltr'><em>punctum</em></span> <span class='ocrx_word' id='word_1_175' title='bbox 2153 2807 2218 2875; x_wconf 57' lang='grc' dir='ltr'><em>(Χ)</em></span> <span class='ocrx_word' id='word_1_176' title='bbox 2244 2807 2401 2875; x_wconf 73' lang='lat' dir='ltr'><em>paulo</em></span> 
     </span>
     <span class='ocr_line' id='line_1_21' title="bbox 257 2897 2402 2974; baseline -0.001 -21"><span class='ocrx_word' id='word_1_177' title='bbox 257 2903 393 2955; x_wconf 89' lang='lat' dir='ltr'><em>infra</em></span> <span class='ocrx_word' id='word_1_178' title='bbox 411 2949 418 2955; x_wconf 85' lang='lat'><em>.</em></span> <span class='ocrx_word' id='word_1_179' title='bbox 436 2905 762 2974; x_wconf 88' lang='lat' dir='ltr'><em>superficiem</em></span> <span class='ocrx_word' id='word_1_180' title='bbox 811 2904 963 2957; x_wconf 87' lang='lat' dir='ltr'><em>Solis.</em></span> <span class='ocrx_word' id='word_1_181' title='bbox 1044 2903 1109 2973; x_wconf 70' lang='lat'><em>(5)</em></span> <span class='ocrx_word' id='word_1_182' title='bbox 1139 2903 1209 2955; x_wconf 89' lang='lat' dir='ltr'><em>Et</em></span> <span class='ocrx_word' id='word_1_183' title='bbox 1255 2901 1484 2971; x_wconf 87' lang='lat' dir='ltr'><em>ejusdem</em></span> <span class='ocrx_word' id='word_1_184' title='bbox 1528 2899 1710 2952; x_wconf 87' lang='lat' dir='ltr'><em>calculi</em></span> <span class='ocrx_word' id='word_1_185' title='bbox 1750 2898 1974 2968; x_wconf 83' lang='lat' dir='ltr'><em>vestigiis</em></span> <span class='ocrx_word' id='word_1_186' title='bbox 2017 2897 2314 2960; x_wconf 86' lang='lat' dir='ltr'><em>insistendo,</em></span> <span class='ocrx_word' id='word_1_187' title='bbox 2360 2900 2402 2950; x_wconf 89' lang='lat' dir='ltr'><em>si</em></span> 
     </span>
     <span class='ocr_line' id='line_1_22' title="bbox 262 2991 2401 3065; baseline -0.003 -19"><span class='ocrx_word' id='word_1_188' title='bbox 262 2995 431 3047; x_wconf 89' lang='lat' dir='ltr'><em>Terra</em></span> <span class='ocrx_word' id='word_1_189' title='bbox 468 3006 520 3047; x_wconf 88' lang='lat' dir='ltr'><em>et</em></span> <span class='ocrx_word' id='word_1_190' title='bbox 555 2995 782 3065; x_wconf 80' lang='lat' dir='ltr'><em>planetae</em></span> <span class='ocrx_word' id='word_1_191' title='bbox 818 3013 998 3046; x_wconf 87' lang='lat' dir='ltr'><em>omnes</em></span> <span class='ocrx_word' id='word_1_192' title='bbox 1037 3012 1104 3045; x_wconf 88' lang='lat' dir='ltr'><em>ex</em></span> <span class='ocrx_word' id='word_1_193' title='bbox 1140 2992 1244 3045; x_wconf 72' lang='lat' dir='ltr'><em>una</em></span> <span class='ocrx_word' id='word_1_194' title='bbox 1276 2992 1409 3045; x_wconf 82' lang='lat' dir='ltr'><em>Solis</em></span> <span class='ocrx_word' id='word_1_195' title='bbox 1434 3002 1581 3061; x_wconf 90' lang='lat' dir='ltr'><em>parte</em></span> <span class='ocrx_word' id='word_1_196' title='bbox 1610 2991 1961 3052; x_wconf 87' lang='lat' dir='ltr'><em>consisterent,</em></span> <span class='ocrx_word' id='word_1_197' title='bbox 1991 3007 2263 3040; x_wconf 88' lang='lat' dir='ltr'><em>commune</em></span> <span class='ocrx_word' id='word_1_198' title='bbox 2290 3008 2401 3040; x_wconf 90' lang='lat' dir='ltr'><em>om-</em></span> 
     </span>
     <span class='ocr_line' id='line_1_23' title="bbox 257 3080 2398 3158; baseline 0 -22"><span class='ocrx_word' id='word_1_199' title='bbox 257 3086 402 3137; x_wconf 90' lang='lat' dir='ltr'><em>nium</em></span> <span class='ocrx_word' id='word_1_200' title='bbox 427 3095 663 3138; x_wconf 89' lang='lat' dir='ltr'><em>centrum</em></span> <span class='ocrx_word' id='word_1_201' title='bbox 686 3086 950 3158; x_wconf 88' lang='lat' dir='ltr'><em>gravitatis</em></span> <span class='ocrx_word' id='word_1_202' title='bbox 977 3085 1067 3137; x_wconf 83' lang='lat' dir='ltr'><em>vix</em></span> <span class='ocrx_word' id='word_1_203' title='bbox 1092 3083 1298 3156; x_wconf 66' lang='lat' dir='ltr'><em>integra</em></span> <span class='ocrx_word' id='word_1_204' title='bbox 1323 3084 1457 3136; x_wconf 86' lang='lat' dir='ltr'><em>Solis</em></span> <span class='ocrx_word' id='word_1_205' title='bbox 1486 3084 1739 3135; x_wconf 87' lang='lat' dir='ltr'><em>diametro</em></span> <span class='ocrx_word' id='word_1_206' title='bbox 1764 3102 1795 3133; x_wconf 89' lang='lat' dir='ltr'><em>a</em></span> <span class='ocrx_word' id='word_1_207' title='bbox 1819 3091 1995 3133; x_wconf 87' lang='lat' dir='ltr'><em>centro</em></span> <span class='ocrx_word' id='word_1_208' title='bbox 2019 3080 2152 3133; x_wconf 88' lang='lat' dir='ltr'><em>Solis</em></span> <span class='ocrx_word' id='word_1_209' title='bbox 2172 3080 2398 3136; x_wconf 71' lang='lat' dir='ltr'><em>distaret.</em></span> 
     </span>
    </p>
   </div>
   <div class='ocr_carea' id='block_1_11' title="bbox 258 3259 2400 3855">
    <p class='ocr_par' dir='ltr' id='par_1_11' title="bbox 258 3259 2400 3629">
     <span class='ocr_line' id='line_1_24' title="bbox 313 3259 2397 3314; baseline -0 -13"><span class='ocrx_word' id='word_1_210' title='bbox 313 3261 376 3314; x_wconf 88' lang='lat'><em>(†)</em></span> <span class='ocrx_word' id='word_1_211' title='bbox 399 3265 420 3287; x_wconf 68' lang='lat'><em>*⁸</em></span> <span class='ocrx_word' id='word_1_212' title='bbox 442 3264 498 3301; x_wconf 86' lang='lat' dir='ltr'><em>Et</em></span> <span class='ocrx_word' id='word_1_213' title='bbox 515 3265 693 3302; x_wconf 84' lang='lat' dir='ltr'><em>distantia</em></span> <span class='ocrx_word' id='word_1_214' title='bbox 712 3264 812 3302; x_wconf 84' lang='lat' dir='ltr'><em>Jovis</em></span> <span class='ocrx_word' id='word_1_215' title='bbox 837 3277 861 3301; x_wconf 86' lang='lat' dir='ltr'><em>a</em></span> <span class='ocrx_word' id='word_1_216' title='bbox 881 3265 959 3301; x_wconf 82' lang='lat' dir='ltr'><em>Sole</em></span> <span class='ocrx_word' id='word_1_217' title='bbox 977 3265 1023 3301; x_wconf 82' lang='lat' dir='ltr'><em>sit</em></span> <span class='ocrx_word' id='word_1_218' title='bbox 1050 3265 1100 3301; x_wconf 83' lang='lat' dir='ltr'><em>ad</em></span> <span class='ocrx_word' id='word_1_219' title='bbox 1117 3264 1304 3303; x_wconf 75' lang='lat' dir='ltr'><em>semi-dia-</em></span> <span class='ocrx_word' id='word_1_220' title='bbox 1360 3262 1433 3300; x_wconf 81' lang='lat' dir='ltr'><em>erit</em></span> <span class='ocrx_word' id='word_1_221' title='bbox 1461 3261 1497 3300; x_wconf 82' lang='lat'><em>8&#39;</em></span> <span class='ocrx_word' id='word_1_222' title='bbox 1522 3261 1591 3310; x_wconf 86' lang='lat'><em>5&#39;&#39;;</em></span> <span class='ocrx_word' id='word_1_223' title='bbox 1619 3259 1784 3312; x_wconf 82' lang='lat' dir='ltr'><em>ide6que</em></span> <span class='ocrx_word' id='word_1_224' title='bbox 1805 3263 1891 3313; x_wconf 87' lang='lat' dir='ltr'><em>(per</em></span> <span class='ocrx_word' id='word_1_225' title='bbox 1912 3262 2081 3310; x_wconf 74' lang='lat' dir='ltr'><em>Tabulas</em></span> <span class='ocrx_word' id='word_1_226' title='bbox 2102 3262 2397 3313; x_wconf 85' lang='lat' dir='ltr'><em>Tangentium,)</em></span> 
     </span>
     <span class='ocr_line' id='line_1_25' title="bbox 258 3315 2400 3371; baseline 0 -17"><span class='ocrx_word' id='word_1_227' title='bbox 258 3323 428 3354; x_wconf 79' lang='lat' dir='ltr'><em>metrum</em></span> <span class='ocrx_word' id='word_1_228' title='bbox 459 3319 548 3354; x_wconf 82' lang='lat' dir='ltr'><em>Solis</em></span> <span class='ocrx_word' id='word_1_229' title='bbox 584 3319 627 3355; x_wconf 85' lang='lat' dir='ltr'><em>in</em></span> <span class='ocrx_word' id='word_1_230' title='bbox 656 3317 800 3354; x_wconf 80' lang='lat' dir='ltr'><em>ratione</em></span> <span class='ocrx_word' id='word_1_231' title='bbox 827 3318 942 3365; x_wconf 82' lang='lat' dir='ltr'><em>paulo</em></span> <span class='ocrx_word' id='word_1_232' title='bbox 975 3315 1129 3365; x_wconf 82' lang='lat' dir='ltr'><em>majore,</em></span> <span class='ocrx_word' id='word_1_233' title='bbox 1166 3319 1187 3340; x_wconf 69' lang='lat'><em>¹*</em></span> <span class='ocrx_word' id='word_1_234' title='bbox 1214 3316 1305 3353; x_wconf 81' lang='lat' dir='ltr'><em>cum</em></span> <span class='ocrx_word' id='word_1_235' title='bbox 1359 3315 1459 3353; x_wconf 89' lang='lat' dir='ltr'><em>basis</em></span> <span class='ocrx_word' id='word_1_236' title='bbox 1483 3315 1566 3371; x_wconf 81' lang='lat' dir='ltr'><em>ejus</em></span> <span class='ocrx_word' id='word_1_237' title='bbox 1593 3315 1850 3352; x_wconf 85' lang='lat' dir='ltr'><em>continebitur</em></span> <span class='ocrx_word' id='word_1_238' title='bbox 1881 3315 1922 3351; x_wconf 88' lang='lat' dir='ltr'><em>in</em></span> <span class='ocrx_word' id='word_1_239' title='bbox 1950 3315 2033 3365; x_wconf 87' lang='lat' dir='ltr'><em>ejus</em></span> <span class='ocrx_word' id='word_1_240' title='bbox 2064 3315 2268 3353; x_wconf 82' lang='lat' dir='ltr'><em>altitudine</em></span> <span class='ocrx_word' id='word_1_241' title='bbox 2298 3319 2400 3354; x_wconf 88' lang='grc'>1115</span> 
     </span>
     <span class='ocr_line' id='line_1_26' title="bbox 258 3367 2399 3415; baseline 0 -10"><span class='ocrx_word' id='word_1_242' title='bbox 258 3367 559 3406; x_wconf 73' lang='lat' dir='ltr'><em>semi-diameter</em></span> <span class='ocrx_word' id='word_1_243' title='bbox 590 3369 688 3407; x_wconf 88' lang='lat' dir='ltr'><em>Solis</em></span> <span class='ocrx_word' id='word_1_244' title='bbox 715 3382 737 3406; x_wconf 88' lang='lat' dir='ltr'><em>e</em></span> <span class='ocrx_word' id='word_1_245' title='bbox 763 3369 922 3407; x_wconf 86' lang='lat' dir='ltr'><em>Tellure</em></span> <span class='ocrx_word' id='word_1_246' title='bbox 947 3369 1026 3407; x_wconf 87' lang='lat' dir='ltr'><em>visa</em></span> <span class='ocrx_word' id='word_1_247' title='bbox 1052 3368 1101 3406; x_wconf 82' lang='lat' dir='ltr'><em>sit</em></span> <span class='ocrx_word' id='word_1_248' title='bbox 1126 3368 1185 3408; x_wconf 87' lang='lat'><em>16‘</em></span> <span class='ocrx_word' id='word_1_249' title='bbox 1204 3368 1250 3406; x_wconf 75' lang='lat'><em>4⁰</em></span> <span class='ocrx_word' id='word_1_250' title='bbox 1268 3375 1307 3407; x_wconf 88' lang='lat' dir='ltr'><em>et</em></span> <span class='ocrx_word' id='word_1_251' title='bbox 1359 3368 1532 3415; x_wconf 86' lang='lat' dir='ltr'><em>vicibus;</em></span> <span class='ocrx_word' id='word_1_252' title='bbox 1560 3369 1651 3405; x_wconf 88' lang='lat' dir='ltr'><em>hinc</em></span> <span class='ocrx_word' id='word_1_253' title='bbox 1669 3367 1847 3405; x_wconf 85' lang='lat' dir='ltr'><em>distantia</em></span> <span class='ocrx_word' id='word_1_254' title='bbox 1865 3368 1975 3407; x_wconf 89' lang='lat' dir='ltr'><em>Jovis</em></span> <span class='ocrx_word' id='word_1_255' title='bbox 1993 3382 2016 3405; x_wconf 86' lang='lat' dir='ltr'><em>a</em></span> <span class='ocrx_word' id='word_1_256' title='bbox 2037 3368 2125 3405; x_wconf 86' lang='lat' dir='ltr'><em>Sole</em></span> <span class='ocrx_word' id='word_1_257' title='bbox 2144 3375 2200 3406; x_wconf 88' lang='lat' dir='ltr'><em>est</em></span> <span class='ocrx_word' id='word_1_258' title='bbox 2218 3369 2266 3407; x_wconf 90' lang='lat' dir='ltr'><em>ad</em></span> <span class='ocrx_word' id='word_1_259' title='bbox 2286 3369 2399 3407; x_wconf 81' lang='lat' dir='ltr'><em>semi-</em></span> 
     </span>
     <span class='ocr_line' id='line_1_27' title="bbox 259 3419 2399 3472; baseline 0 -14"><span class='ocrx_word' id='word_1_260' title='bbox 259 3419 443 3458; x_wconf 82' lang='lat' dir='ltr'><em>distantia</em></span> <span class='ocrx_word' id='word_1_261' title='bbox 473 3421 603 3459; x_wconf 80' lang='lat' dir='ltr'><em>Terrae</em></span> <span class='ocrx_word' id='word_1_262' title='bbox 631 3435 652 3459; x_wconf 88' lang='lat' dir='ltr'><em>a</em></span> <span class='ocrx_word' id='word_1_263' title='bbox 676 3422 763 3460; x_wconf 87' lang='lat' dir='ltr'><em>Sole</em></span> <span class='ocrx_word' id='word_1_264' title='bbox 784 3422 831 3460; x_wconf 83' lang='lat' dir='ltr'><em>sit</em></span> <span class='ocrx_word' id='word_1_265' title='bbox 849 3422 900 3460; x_wconf 85' lang='lat' dir='ltr'><em>ad</em></span> <span class='ocrx_word' id='word_1_266' title='bbox 917 3422 1136 3465; x_wconf 83' lang='lat' dir='ltr'><em>distantiam</em></span> <span class='ocrx_word' id='word_1_267' title='bbox 1155 3421 1266 3462; x_wconf 87' lang='lat' dir='ltr'><em>Jovis</em></span> <span class='ocrx_word' id='word_1_268' title='bbox 1284 3435 1307 3460; x_wconf 83' lang='lat' dir='ltr'><em>a</em></span> <span class='ocrx_word' id='word_1_269' title='bbox 1359 3421 1589 3460; x_wconf 83' lang='lat' dir='ltr'><em>diametrum</em></span> <span class='ocrx_word' id='word_1_270' title='bbox 1622 3421 1731 3466; x_wconf 54' lang='lat' dir='ltr'><em>Solia</em></span> <span class='ocrx_word' id='word_1_271' title='bbox 1753 3428 1799 3458; x_wconf 86' lang='lat' dir='ltr'><em>ut</em></span> <span class='ocrx_word' id='word_1_272' title='bbox 1827 3425 1926 3460; x_wconf 86' lang='lat'>1115</span> <span class='ocrx_word' id='word_1_273' title='bbox 1949 3422 1998 3459; x_wconf 92' lang='lat' dir='ltr'><em>ad</em></span> <span class='ocrx_word' id='word_1_274' title='bbox 2027 3426 2061 3468; x_wconf 88' lang='lat' dir='ltr'><em>l,</em></span> <span class='ocrx_word' id='word_1_275' title='bbox 2090 3422 2253 3472; x_wconf 74' lang='lat' dir='ltr'><em>ideoque</em></span> <span class='ocrx_word' id='word_1_276' title='bbox 2274 3422 2314 3459; x_wconf 90' lang='lat' dir='ltr'><em>in</em></span> <span class='ocrx_word' id='word_1_277' title='bbox 2339 3434 2399 3459; x_wconf 83' lang='lat' dir='ltr'><em>ra-</em></span> 
     </span>
     <span class='ocr_line' id='line_1_28' title="bbox 262 3472 2399 3526; baseline -0 -15"><span class='ocrx_word' id='word_1_278' title='bbox 262 3473 351 3511; x_wconf 88' lang='lat' dir='ltr'><em>Sole</em></span> <span class='ocrx_word' id='word_1_279' title='bbox 375 3481 421 3511; x_wconf 92' lang='lat' dir='ltr'><em>ut</em></span> <span class='ocrx_word' id='word_1_280' title='bbox 452 3478 501 3511; x_wconf 93' lang='lat'><em>10</em></span> <span class='ocrx_word' id='word_1_281' title='bbox 529 3474 578 3511; x_wconf 87' lang='lat' dir='ltr'><em>ad</em></span> <span class='ocrx_word' id='word_1_282' title='bbox 610 3479 662 3513; x_wconf 81' lang='lat'><em>52</em></span> <span class='ocrx_word' id='word_1_283' title='bbox 690 3476 851 3523; x_wconf 81' lang='lat' dir='ltr'><em>circiter,</em></span> <span class='ocrx_word' id='word_1_284' title='bbox 885 3475 1037 3526; x_wconf 86' lang='lat' dir='ltr'><em>sintque</em></span> <span class='ocrx_word' id='word_1_285' title='bbox 1068 3474 1203 3525; x_wconf 87' lang='lat' dir='ltr'><em>anguli</em></span> <span class='ocrx_word' id='word_1_286' title='bbox 1232 3477 1304 3513; x_wconf 87' lang='lat' dir='ltr'><em>sub</em></span> <span class='ocrx_word' id='word_1_287' title='bbox 1358 3476 1463 3513; x_wconf 84' lang='lat' dir='ltr'><em>tione</em></span> <span class='ocrx_word' id='word_1_288' title='bbox 1490 3472 1608 3523; x_wconf 68' lang='lat' dir='ltr'><em>paulo</em></span> <span class='ocrx_word' id='word_1_289' title='bbox 1635 3475 1778 3526; x_wconf 85' lang='lat' dir='ltr'><em>majore</em></span> <span class='ocrx_word' id='word_1_290' title='bbox 1802 3474 1918 3524; x_wconf 73' lang='lat' dir='ltr'><em>quam</em></span> <span class='ocrx_word' id='word_1_291' title='bbox 1946 3475 2044 3512; x_wconf 85' lang='lat' dir='ltr'><em>ratio</em></span> <span class='ocrx_word' id='word_1_292' title='bbox 2071 3480 2171 3514; x_wconf 88' lang='lat'>1067</span> <span class='ocrx_word' id='word_1_293' title='bbox 2192 3475 2241 3512; x_wconf 86' lang='lat' dir='ltr'><em>ad</em></span> <span class='ocrx_word' id='word_1_294' title='bbox 2264 3479 2296 3519; x_wconf 86' lang='lat'><em>1,</em></span> <span class='ocrx_word' id='word_1_295' title='bbox 2326 3475 2399 3511; x_wconf 83' lang='lat' dir='ltr'><em>hoc</em></span> 
     </span>
     <span class='ocr_line' id='line_1_29' title="bbox 258 3526 2398 3580; baseline -0 -16"><span class='ocrx_word' id='word_1_296' title='bbox 258 3538 339 3576; x_wconf 86' lang='lat' dir='ltr'><em>quo</em></span> <span class='ocrx_word' id='word_1_297' title='bbox 366 3526 469 3564; x_wconf 88' lang='lat' dir='ltr'><em>idem</em></span> <span class='ocrx_word' id='word_1_298' title='bbox 494 3528 687 3577; x_wconf 84' lang='lat' dir='ltr'><em>objectum</em></span> <span class='ocrx_word' id='word_1_299' title='bbox 713 3528 864 3568; x_wconf 85' lang='lat' dir='ltr'><em>videtur</em></span> <span class='ocrx_word' id='word_1_300' title='bbox 882 3542 903 3567; x_wconf 88' lang='lat' dir='ltr'><em>e</em></span> <span class='ocrx_word' id='word_1_301' title='bbox 922 3529 1079 3567; x_wconf 80' lang='lat' dir='ltr'><em>diversis</em></span> <span class='ocrx_word' id='word_1_302' title='bbox 1103 3529 1301 3572; x_wconf 81' lang='lat' dir='ltr'><em>distantiis,</em></span> <span class='ocrx_word' id='word_1_303' title='bbox 1357 3538 1426 3575; x_wconf 84' lang='lat' dir='ltr'><em>est,</em></span> <span class='ocrx_word' id='word_1_304' title='bbox 1445 3526 1565 3580; x_wconf 74' lang='lat' dir='ltr'><em>quam</em></span> <span class='ocrx_word' id='word_1_305' title='bbox 1588 3527 1685 3565; x_wconf 83' lang='lat' dir='ltr'><em>ratio</em></span> <span class='ocrx_word' id='word_1_306' title='bbox 1711 3528 1881 3565; x_wconf 81' lang='lat' dir='ltr'><em>materiae</em></span> <span class='ocrx_word' id='word_1_307' title='bbox 1900 3527 1941 3565; x_wconf 89' lang='lat' dir='ltr'><em>in</em></span> <span class='ocrx_word' id='word_1_308' title='bbox 1964 3528 2051 3566; x_wconf 89' lang='lat' dir='ltr'><em>Sole</em></span> <span class='ocrx_word' id='word_1_309' title='bbox 2069 3528 2118 3566; x_wconf 88' lang='lat' dir='ltr'><em>ad</em></span> <span class='ocrx_word' id='word_1_310' title='bbox 2137 3527 2333 3566; x_wconf 87' lang='lat' dir='ltr'><em>materiam</em></span> <span class='ocrx_word' id='word_1_311' title='bbox 2357 3527 2398 3563; x_wconf 88' lang='lat' dir='ltr'><em>in</em></span> 
     </span>
     <span class='ocr_line' id='line_1_30' title="bbox 258 3578 1467 3629; baseline 0.002 -13"><span class='ocrx_word' id='word_1_312' title='bbox 258 3578 451 3628; x_wconf 74' lang='lat' dir='ltr'><em>reciproce</em></span> <span class='ocrx_word' id='word_1_313' title='bbox 478 3587 524 3617; x_wconf 88' lang='lat' dir='ltr'><em>ut</em></span> <span class='ocrx_word' id='word_1_314' title='bbox 550 3580 627 3617; x_wconf 84' lang='lat' dir='ltr'><em>iuae</em></span> <span class='ocrx_word' id='word_1_315' title='bbox 647 3580 836 3619; x_wconf 90' lang='lat' dir='ltr'><em>distantiae</em></span> <span class='ocrx_word' id='word_1_316' title='bbox 862 3583 954 3629; x_wconf 81' lang='lat' dir='ltr'><em>fere,</em></span> <span class='ocrx_word' id='word_1_317' title='bbox 982 3583 1054 3621; x_wconf 88' lang='lat' dir='ltr'><em>erit</em></span> <span class='ocrx_word' id='word_1_318' title='bbox 1071 3587 1122 3622; x_wconf 78' lang='lat'><em>52</em></span> <span class='ocrx_word' id='word_1_319' title='bbox 1143 3598 1151 3621; x_wconf 74' lang='lat' dir='ltr'><em>z</em></span> <span class='ocrx_word' id='word_1_320' title='bbox 1181 3586 1228 3621; x_wconf 94' lang='grc'><em>10</em></span> <span class='ocrx_word' id='word_1_321' title='bbox 1246 3598 1303 3619; x_wconf 92' lang='lat'><strong><em>=</em></strong></span> <span class='ocrx_word' id='word_1_322' title='bbox 1356 3581 1467 3621; x_wconf 86' lang='lat' dir='ltr'><em>Jove.</em></span> 
     </span>
    </p>

    <p class='ocr_par' dir='ltr' id='par_1_12' title="bbox 258 3631 2393 3741">
     <span class='ocr_line' id='line_1_31' title="bbox 263 3631 2393 3688; baseline 0 -18"><span class='ocrx_word' id='word_1_323' title='bbox 263 3631 325 3671; x_wconf 88' lang='lat'><em>16&#39;</em></span> <span class='ocrx_word' id='word_1_324' title='bbox 344 3631 390 3670; x_wconf 86' lang='lat'><em>4&#39;&#39;</em></span> <span class='ocrx_word' id='word_1_325' title='bbox 411 3648 420 3670; x_wconf 89' lang='lat'><strong>:</strong></span> <span class='ocrx_word' id='word_1_326' title='bbox 444 3632 494 3671; x_wconf 88' lang='lat' dir='ltr'><em>ad</em></span> <span class='ocrx_word' id='word_1_327' title='bbox 513 3633 860 3673; x_wconf 82' lang='lat' dir='ltr'><em>semi-diametrum</em></span> <span class='ocrx_word' id='word_1_328' title='bbox 888 3635 988 3674; x_wconf 86' lang='lat' dir='ltr'><em>Solis</em></span> <span class='ocrx_word' id='word_1_329' title='bbox 1005 3650 1027 3680; x_wconf 82' lang='lat' dir='ltr'><em>e</em></span> <span class='ocrx_word' id='word_1_330' title='bbox 1054 3636 1152 3676; x_wconf 85' lang='lat' dir='ltr'><em>Jove</em></span> <span class='ocrx_word' id='word_1_331' title='bbox 1170 3635 1301 3680; x_wconf 73' lang='lat' dir='ltr'><em>visam,</em></span> <span class='ocrx_word' id='word_1_332' title='bbox 1414 3634 1470 3686; x_wconf 81' lang='lat'><strong>(¹¹)</strong></span> <span class='ocrx_word' id='word_1_333' title='bbox 1518 3637 1539 3661; x_wconf 65' lang='lat'>⁸</span> <span class='ocrx_word' id='word_1_334' title='bbox 1579 3632 1706 3674; x_wconf 64' lang='lat' dir='ltr'><em>Paulo</em></span> <span class='ocrx_word' id='word_1_335' title='bbox 1749 3633 1868 3684; x_wconf 58' lang='lat' dir='ltr'><em>supr&amp;</em></span> <span class='ocrx_word' id='word_1_336' title='bbox 1905 3636 2137 3688; x_wconf 63' lang='lat' dir='ltr'><em>superficiem</em></span> <span class='ocrx_word' id='word_1_337' title='bbox 2173 3635 2264 3673; x_wconf 81' lang='lat' dir='ltr'><em>Solis</em></span> <span class='ocrx_word' id='word_1_338' title='bbox 2310 3634 2393 3685; x_wconf 86' lang='lat'><em>(60.</em></span> 
     </span>
     <span class='ocr_line' id='line_1_32' title="bbox 258 3685 1543 3741; baseline 0.001 -18"><span class='ocrx_word' id='word_1_339' title='bbox 258 3698 347 3736; x_wconf 90' lang='lat' dir='ltr'><em>quae</em></span> <span class='ocrx_word' id='word_1_340' title='bbox 383 3685 514 3735; x_wconf 88' lang='lat' dir='ltr'><em>itaque</em></span> <span class='ocrx_word' id='word_1_341' title='bbox 544 3686 616 3723; x_wconf 87' lang='lat' dir='ltr'><em>erit</em></span> <span class='ocrx_word' id='word_1_342' title='bbox 653 3686 687 3725; x_wconf 82' lang='lat'><em>8&#39;</em></span> <span class='ocrx_word' id='word_1_343' title='bbox 719 3685 765 3726; x_wconf 87' lang='lat'><em>5&#39;&#39;</em></span> <span class='ocrx_word' id='word_1_344' title='bbox 803 3687 973 3727; x_wconf 86' lang='lat' dir='ltr'><em>circiter:</em></span> <span class='ocrx_word' id='word_1_345' title='bbox 1015 3689 1186 3741; x_wconf 86' lang='lat' dir='ltr'><em>fingatur</em></span> <span class='ocrx_word' id='word_1_346' title='bbox 1217 3701 1310 3740; x_wconf 89' lang='lat' dir='ltr'><em>ergo</em></span> <span class='ocrx_word' id='word_1_347' title='bbox 1365 3688 1452 3727; x_wconf 86' lang='lat' dir='ltr'><em>Lib.</em></span> <span class='ocrx_word' id='word_1_348' title='bbox 1471 3687 1543 3734; x_wconf 91' lang='grc' dir='ltr'>Ι.).</span> 
     </span>
    </p>

    <p class='ocr_par' dir='ltr' id='par_1_13' title="bbox 259 3737 2318 3793">
     <span class='ocr_line' id='line_1_33' title="bbox 259 3737 2318 3793; baseline -0.001 -16"><span class='ocrx_word' id='word_1_349' title='bbox 259 3737 505 3789; x_wconf 84' lang='lat' dir='ltr'><em>triangulum</em></span> <span class='ocrx_word' id='word_1_350' title='bbox 523 3739 794 3790; x_wconf 85' lang='lat' dir='ltr'><em>rectangulum</em></span> <span class='ocrx_word' id='word_1_351' title='bbox 812 3741 924 3791; x_wconf 89' lang='lat' dir='ltr'><em>cujus</em></span> <span class='ocrx_word' id='word_1_352' title='bbox 940 3751 1070 3781; x_wconf 83' lang='lat' dir='ltr'><em>vertex</em></span> <span class='ocrx_word' id='word_1_353' title='bbox 1090 3742 1138 3781; x_wconf 77' lang='lat' dir='ltr'><em>sit</em></span> <span class='ocrx_word' id='word_1_354' title='bbox 1155 3742 1198 3780; x_wconf 88' lang='lat' dir='ltr'><em>in</em></span> <span class='ocrx_word' id='word_1_355' title='bbox 1211 3742 1310 3782; x_wconf 84' lang='lat' dir='ltr'><em>Jove</em></span> <span class='ocrx_word' id='word_1_356' title='bbox 1417 3740 1477 3792; x_wconf 62' lang='grc' dir='ltr'><em>(Χ)</em></span> <span class='ocrx_word' id='word_1_357' title='bbox 1500 3743 1520 3765; x_wconf 67' lang='grc'><strong><em>*</em></strong></span> <span class='ocrx_word' id='word_1_358' title='bbox 1543 3740 1666 3780; x_wconf 69' lang='lat' dir='ltr'><em>Paulo</em></span> <span class='ocrx_word' id='word_1_359' title='bbox 1686 3739 1790 3793; x_wconf 69' lang='lat' dir='ltr'><em>infr-ci</em></span> <span class='ocrx_word' id='word_1_360' title='bbox 1810 3743 2042 3793; x_wconf 63' lang='lat' dir='ltr'><em>superficiem</em></span> <span class='ocrx_word' id='word_1_361' title='bbox 2062 3741 2151 3779; x_wconf 79' lang='lat' dir='ltr'><em>Solis</em></span> <span class='ocrx_word' id='word_1_362' title='bbox 2172 3737 2318 3790; x_wconf 87' lang='lat' dir='ltr'><em>(ibid.).</em></span> 
     </span>
    </p>

    <p class='ocr_par' dir='ltr' id='par_1_14' title="bbox 260 3791 2396 3855">
     <span class='ocr_line' id='line_1_34' title="bbox 260 3791 2396 3855; baseline -0.001 -24"><span class='ocrx_word' id='word_1_363' title='bbox 260 3798 301 3855; x_wconf 64' lang='lat' dir='ltr'><em>et</em></span> <span class='ocrx_word' id='word_1_364' title='bbox 318 3791 420 3831; x_wconf 81' lang='lat' dir='ltr'><em>basis</em></span> <span class='ocrx_word' id='word_1_365' title='bbox 437 3791 486 3830; x_wconf 86' lang='lat' dir='ltr'><em>sit</em></span> <span class='ocrx_word' id='word_1_366' title='bbox 508 3792 606 3830; x_wconf 89' lang='lat' dir='ltr'><em>Solis</em></span> <span class='ocrx_word' id='word_1_367' title='bbox 628 3791 940 3842; x_wconf 83' lang='lat' dir='ltr'><em>semi-diameter,</em></span> <span class='ocrx_word' id='word_1_368' title='bbox 966 3795 1135 3847; x_wconf 88' lang='lat' dir='ltr'><em>angulus</em></span> <span class='ocrx_word' id='word_1_369' title='bbox 1161 3794 1311 3835; x_wconf 77' lang='lat' dir='ltr'><em>verticis</em></span> <span class='ocrx_word' id='word_1_370' title='bbox 1419 3793 1478 3846; x_wconf 67' lang='lat' dir='ltr'><em>(y)</em></span> <span class='ocrx_word' id='word_1_371' title='bbox 1496 3797 1516 3819; x_wconf 82' lang='lat'><em>*</em></span> <span class='ocrx_word' id='word_1_372' title='bbox 1542 3796 1597 3834; x_wconf 84' lang='lat' dir='ltr'><em>Et</em></span> <span class='ocrx_word' id='word_1_373' title='bbox 1610 3794 1776 3844; x_wconf 70' lang='lat' dir='ltr'><em>ejusdem</em></span> <span class='ocrx_word' id='word_1_374' title='bbox 1788 3796 1924 3835; x_wconf 76' lang='lat' dir='ltr'><em>calculi</em></span> <span class='ocrx_word' id='word_1_375' title='bbox 1938 3795 2095 3843; x_wconf 77' lang='lat' dir='ltr'><em>vestigiis</em></span> <span class='ocrx_word' id='word_1_376' title='bbox 2116 3794 2196 3845; x_wconf 85' lang='lat'><em>(61.</em></span> <span class='ocrx_word' id='word_1_377' title='bbox 2217 3792 2306 3831; x_wconf 86' lang='lat' dir='ltr'><em>Lib.</em></span> <span class='ocrx_word' id='word_1_378' title='bbox 2323 3791 2396 3841; x_wconf 84' lang='grc' dir='ltr'>Ι.).</span> 
     </span>
    </p>
   </div>
   <div class='ocr_carea' id='block_1_12' title="bbox 1259 3986 1283 4013">
    <p class='ocr_par' dir='ltr' id='par_1_15' title="bbox 1259 3986 1283 4013">
     <span class='ocr_line' id='line_1_35' title="bbox 1259 3986 1283 4013; baseline 0 -2"><span class='ocrx_word' id='word_1_379' title='bbox 1259 3986 1283 4013; x_wconf 67' lang='lat'>0</span> 
     </span>
    </p>
   </div>
  </div>
 </body>
</html>
