2528 4172
648 245 962 298 FLUXUS
1001 249 1102 299 Ac
1143 233 1565 301 REFLUXUS
1604 251 1868 301 MAffls.
1993 283 1995 286 ι
2213 262 2314 308 325

183 391 420 444 transitui
458 391 627 443 Lunae
661 409 756 460 per
790 389 1134 443 meridianum
1172 400 1248 442 est
1283 390 1589 442 tribuendus
1627 389 1715 460 qui
1752 390 1936 441 eodem
1972 401 2204 460 tempore
2240 397 2315 460 fit,

185 482 276 534 sed
322 483 649 551 praecedenti,
703 482 878 551 prouti
926 481 1212 533 successiva
1260 481 1621 533 retardationis
1670 482 1989 534 incrementa
2039 484 2106 534 ad
2145 485 2319 537 littora

184 570 371 623 Galliae
408 581 460 622 et
497 571 666 642 Belgii
691 571 919 623 borealia
943 569 1322 622 evidentissime
1359 580 1631 622 testantur.
1708 569 1887 632 Quare
1914 572 1957 622 si
1982 572 2127 623 verbi
2151 574 2318 644 gratia

180 662 521 731 Dunkerquae
541 663 653 732 quis
672 662 970 731 hujusmodi
996 662 1381 713 observationes
1399 661 1717 729 perlustrare
1735 661 1972 724 voluerit,
2000 662 2043 712 is
2065 682 2320 734 quemque

177 752 379 803 fluxum
402 770 510 803 non
534 771 653 803 cum
677 753 894 804 transitu
933 752 1102 803 Lunae
1139 770 1233 820 per
1257 752 1600 804 meridianum
1635 751 1878 820 proximo
1905 764 2186 822 comparet,
2227 758 2319 808 sed

178 860 297 893 cum
321 860 383 893 eo
415 844 504 912 qui
527 842 906 911 propemodum
936 850 1001 894 12
1036 843 1178 896 horis
1205 843 1324 896 ante
1350 844 1600 915 contigit3
1640 844 1870 913 alioquin
1896 846 2035 897 enim
2062 849 2318 899 contraria

176 931 521 1001 phaenomena
545 943 680 985 esset
705 934 1141 1002 deprehensurus,

249 1026 286 1089 §-
319 1029 436 1074 108.
482 1022 801 1075 Commodus
838 1022 925 1074 hic
961 1024 1112 1076 nobis
1148 1024 1414 1093 praebetur
1449 1024 1595 1076 locus
1633 1023 1929 1092 explicandi
1972 1027 2244 1079 transitum
2286 1048 2316 1080 a

176 1111 311 1164 binis
349 1112 592 1179 aestubus,
632 1113 722 1185 qui
758 1113 986 1185 quotidie
1010 1114 1065 1165 in
1090 1114 1388 1185 regionibus
1415 1123 1562 1165 extra
1587 1113 1805 1164 circulos
1830 1113 2035 1182 polares
2062 1116 2169 1167 sitis
2197 1136 2314 1169 eve-

176 1203 340 1265 niunt,
381 1204 448 1255 ad
485 1204 713 1275 singulos
751 1215 922 1268 aestus,
961 1203 1052 1274 qui
1090 1201 1375 1254 secundum
1400 1202 1654 1254 theoriam
1679 1211 1910 1254 nostram
1935 1203 1990 1254 in
2015 1205 2316 1275 regionibus

175 1295 439 1363 polaribus
466 1299 764 1370 contingere
789 1299 994 1351 debent.
1073 1298 1340 1359 Quoniam
1365 1299 1502 1350 enim
1527 1297 1729 1349 theoria
1753 1307 1931 1349 nostra
1955 1310 2225 1364 monstrat,
2261 1303 2317 1354 in

174 1386 317 1437 zonis
343 1390 637 1456 temperatis
664 1400 715 1441 et
738 1390 934 1442 torrida
960 1389 1191 1460 quotidie
1218 1389 1348 1442 duos
1373 1390 1546 1441 fluxus
1571 1391 1834 1443 observari
1860 1391 2064 1455 debere,
2093 1393 2147 1444 in
2173 1394 2315 1445 zonis

174 1475 373 1547 frigidis
412 1488 583 1530 autem
619 1498 781 1531 unum
817 1489 1035 1542 tantum,
1076 1479 1311 1531 transitio
1349 1478 1618 1531 subitanea
1654 1499 1685 1531 a
1721 1481 1925 1531 binario
1962 1481 2030 1534 ad
2067 1483 2317 1534 unitatem

173 1566 399 1618 maxime
435 1569 683 1621 mirabilis
721 1589 781 1622 ac
816 1571 1085 1639 paradoxa
1119 1571 1286 1622 videri
1320 1580 1510 1639 posset.
1606 1572 1709 1624 Sed
1745 1573 1880 1642 quia,
1920 1574 1964 1625 si
1998 1575 2169 1626 fluxus
2205 1574 2316 1625 bini

174 1655 451 1706 successivi
485 1655 619 1707 inter
655 1675 711 1707 se
749 1667 870 1708 sunt
905 1657 1202 1726 inaequales,
1241 1658 1657 1728 refluxusaquae
1685 1678 1775 1711 seu
1800 1661 2027 1713 maxima
2053 1661 2316 1730 depressio

173 1745 338 1798 fluxui
373 1746 561 1797 minori
598 1757 677 1798 est
712 1747 943 1810 vicinior,
981 1747 1090 1798 bini
1115 1758 1269 1800 aestus
1295 1767 1501 1818 quoque
1528 1750 1800 1801 successivi
1839 1752 2039 1803 ratione
2066 1751 2314 1820 temporis

173 1837 309 1889 inter
333 1856 388 1889 se
413 1847 566 1889 erunt
590 1838 884 1907 inaequales,
924 1838 968 1890 si
1002 1839 1211 1909 quidem
1237 1858 1361 1891 voce
1386 1838 1540 1891 aestfis
1566 1841 1913 1912 intelligamus
1940 1849 2141 1892 motum
2166 1858 2316 1909 aquae

173 1946 207 1979 a
248 1927 448 1979 summa
491 1928 773 1980 elevatione
815 1929 883 1981 ad
920 1930 1078 1981 imam
1118 1930 1504 1998 depressionem
1542 1950 1723 2000 usque,
1765 1950 1827 1982 ac
1870 1930 2114 1983 vicissim.
2193 1928 2316 1991 Quo

172 2019 339 2095 magis
365 2021 538 2090 itaque
563 2021 629 2072 ab
654 2030 915 2092 aequatore
932 2019 1111 2073 versus
1136 2020 1284 2089 polos
1311 2021 1598 2084 recedatur,
1622 2020 1686 2073 eo
1712 2022 1876 2091 major
1895 2019 2316 2089 deprehendetur

172 2106 310 2159 inter
346 2109 495 2161 binos
534 2119 690 2162 aestus
729 2110 1042 2162 successivos
1067 2109 1402 2180 inaequalitas,
1436 2108 1553 2162 cum
1579 2110 1777 2161 ratione
1802 2109 2178 2181 magnitudinis
2203 2107 2316 2160 tum

171 2197 437 2269 temporis,
475 2202 646 2270 'major
689 2200 827 2252 enim
869 2198 1060 2251 diutius
1104 2199 1312 2251 durabit
1354 2198 1510 2269 quam
1551 2199 1735 2263 minor,
1781 2206 1934 2250 ambo
1980 2197 2104 2250 vero
2159 2197 2315 2249 simul

172 2291 367 2360 ubique
391 2291 720 2343 absolventur
745 2300 982 2360 tempore
1010 2297 1074 2342 12
1101 2290 1364 2354 horarum,
1387 2309 1503 2342 cum
1531 2293 1631 2343 24'.
1659 2291 1883 2343 circiter:
1913 2291 2055 2361 quod
2075 2291 2117 2342 si
2142 2291 2314 2360 itaque

172 2381 229 2431 in
253 2400 338 2432 eas
363 2381 600 2451 regiones
626 2399 789 2451 usque
813 2382 1161 2450 perveniatur,
1194 2381 1247 2433 in
1275 2381 1457 2451 quibus
1484 2381 1639 2433 Luna
1664 2381 1883 2451 utraque
1907 2382 2019 2433 vice
2046 2381 2131 2434 vel
2156 2399 2313 2450 super

172 2455 440 2521 horizonte
477 2469 561 2521 vel
597 2469 693 2521 sub
727 2469 997 2524 horizonte
1032 2470 1377 2522 meridianum
1420 2471 1642 2541 attingit,
1688 2481 1843 2522 aestus
1884 2472 2058 2523 minor
2099 2471 2313 2522 omnino

173 2570 455 2625 evanescet,
495 2560 734 2631 solusque
771 2562 936 2630 major
973 2561 1242 2630 supererit,
1282 2560 1371 2631 qui
1406 2571 1610 2629 tempus
1650 2567 1714 2611 12
1751 2560 1804 2613 h.
1844 2562 1946 2612 24'.
1986 2559 2310 2629 adimplebit.

174 2650 260 2703 Ex
285 2651 470 2721 quibus
495 2652 838 2719 perspicuum‘
855 2660 947 2714 est,
976 2651 1019 2702 si
1058 2651 1211 2702 Luna
1237 2650 1425 2702 habeat
1449 2650 1862 2713 declinationem,
1901 2651 2308 2719 inaequalitatem

171 2739 414 2790 binorum
438 2748 658 2794 aestuum
696 2738 1103 2794 successivorum
1142 2739 1209 2790 ad
1245 2739 1393 2808 polos
1420 2739 1713 2790 accedendo
1741 2738 1986 2791 continuo
2010 2739 2125 2791 fieri
2149 2740 2310 2808 majo-

172 2847 300 2891 rem,
351 2838 503 2898 atque
552 2827 763 2880 tandem
810 2828 1067 2881 minorem
1115 2830 1328 2880 omnino
1376 2847 1680 2881 evanescere
1728 2829 1934 2894 debere,
1990 2830 2135 2901 quod
2190 2828 2309 2882 cum

173 2917 357 2980 evenit,
385 2916 495 2968 bini
519 2926 676 2968 aestus
702 2916 758 2967 in
784 2935 947 2969 unum
972 2917 1283 2969 coalescunt.

243 3011 283 3073 §.
325 3014 443 3060 109.
500 3006 785 3075 Explicatis
829 3008 1101 3059 anomaliis
1141 3007 1296 3059 aestus
1339 3008 1493 3060 maris
1536 3009 1830 3069 menstruiS‚
1872 3008 2199 3077 pervenimus
2241 3008 2310 3059 ad

173 3095 453 3147 anomalias
480 3114 676 3148 annuas
714 3096 796 3148 vel
835 3096 1109 3166 plusquam
1134 3115 1346 3161 annuaS‚
1374 3115 1434 3148 ac
1457 3115 1654 3149 nonum
1680 3097 1890 3168 quidem
1924 3099 2308 3168 phaenomenon

173 3185 490 3246 desumimus
528 3204 595 3239 ex
631 3186 914 3239 variatione
952 3187 1123 3251 aestuS,
1163 3207 1279 3258 quae
1304 3208 1335 3240 a
1357 3188 1570 3240 diversis
1609 3190 1779 3241 Lunae
1805 3209 1835 3241 a
1864 3189 2029 3242 Terra
2056 3190 2308 3242 distantiis

172 3276 535 3344 proficiscitur.
613 3277 972 3335 Observantur
997 3278 1137 3330 enim
1161 3288 1316 3330 aestus
1340 3278 1531 3349 ubique
1553 3281 1772 3349 majores
1798 3280 1979 3331 ceteris
2004 3281 2231 3349 paribUS,
2252 3280 2310 3331 in

172 3367 358 3424 iisdem
395 3368 589 3420 scilicet
624 3368 958 3422 luminarium
983 3369 1273 3438 aspectibus
1297 3369 1581 3439 iisdemque
1605 3370 2046 3435 declinationibus,
2075 3372 2119 3422 si
2155 3370 2310 3423 Luna

173 3457 230 3508 in
280 3475 374 3511 suo
421 3457 650 3528 perigaeo
701 3469 947 3523 versetur,
1000 3460 1227 3510 minores
1277 3458 1417 3522 vero,
1470 3459 1622 3511 Luna
1672 3461 1726 3510 in
1776 3479 1994 3532 apogaeo
2042 3462 2307 3514 existente.

176 3544 406 3619 Egregie
433 3555 607 3598 autem
641 3545 757 3598 haec
783 3548 1096 3599 conveniunt
1121 3566 1240 3599 cum
1263 3546 1439 3600 nostra
1465 3547 1679 3612 theoria,
1719 3549 1820 3619 qua
1847 3550 2310 3604 demonstravimus

178 3632 354 3685 Lunae
390 3634 526 3694 vires
563 3634 631 3686 ad
667 3653 810 3688 mare
846 3636 1162 3689 movendum
1197 3636 1494 3690 decrescere
1526 3638 1581 3689 in
1616 3638 1870 3707 triplicata
1896 3642 2094 3694 ratione
2120 3643 2311 3693 distan-

179 3721 368 3773 tiarum
409 3722 577 3774 Lunae
615 3741 645 3774 a
682 3723 878 3776 Terra:
919 3724 1059 3795 quod
1086 3725 1127 3776 si
1162 3725 1320 3796 igitur
1347 3726 1501 3778 Luna
1524 3736 1754 3778 versetur
1778 3728 1832 3779 in
1856 3730 2100 3801 perigae0‚
2137 3730 2310 3782 fluxus

179 3810 448 3863 debebunt
469 3831 579 3864 esse
604 3813 840 3882 majoreS‚
870 3812 1025 3883 quam
1046 3814 1090 3866 si
1117 3813 1270 3865 Luna
1295 3832 1568 3884 apogaeum
1586 3828 1818 3885 occupat.
1879 3818 2138 3870 Praeterea
2156 3818 2309 3870 etiam
