2528 4172
309 283 411 329 256
721 273 1165 338 INQUISITIO
1204 273 1544 327 PHYSICA
1583 275 1667 326 IN
1709 274 2033 329 CAUSAM

306 418 430 469 dum
458 427 552 480 est,
582 415 720 486 quod
747 416 788 466 si
825 416 1110 467 Newtonus
1137 434 1311 466 veram
1337 433 1544 467 causam
1568 415 1722 484 hujus
1747 415 2080 483 phaenomeni
2116 417 2437 488 assignasset,

305 504 631 573 summopere
670 503 952 554 absurdum
991 514 1144 574 atque
1183 504 1436 555 absonum
1471 503 1620 567 soret,
1660 505 1899 556 novitatis
1937 506 2109 557 studio
2142 506 2294 558 aliam
2321 526 2440 559 cau-

301 614 424 659 sam,
465 614 581 667 quae
619 595 761 647 certo
799 596 925 647 falsa
961 595 1134 647 futura
1171 606 1322 657 esset,
1361 594 1672 665 excogitare.
1749 595 1958 647 Deinde
1990 595 2113 648 vero
2155 597 2438 649 Newtonus

300 705 367 739 ne
405 689 679 759 vestigium
716 688 925 758 quidem
963 687 1184 757 reliquit,
1213 704 1279 737 ex
1304 704 1408 756 quo
1434 704 1587 737 causa
1610 685 1795 737 harum
1821 686 2008 737 virium
2034 688 2435 751 attractivarum,

306 795 433 846 quas
475 776 584 828 Soli
622 776 895 846 Lunaeque
929 774 1124 837 tribuit,
1166 774 1339 844 colligi
1374 783 1565 842 posset,
1594 773 1684 826 sed
1720 773 1891 843 potius
1918 774 1984 825 de
2010 792 2177 826 causae
2208 775 2437 845 physicae

296 864 610 928 inventione,
652 865 857 935 qualem
887 862 1171 915 Academia
1212 862 1379 933 Regia
1414 862 1741 931 potissimum
1766 862 1997 932 requirit,
2037 862 2336 931 desperasse
2362 867 2437 916 vi·-

296 953 481 1016 detur3
521 954 575 1004 id
613 955 754 1024 quod
792 956 901 1023 ejus
939 953 1146 1005 asseclae
1185 951 1360 1020 ape-rte
1397 961 1665 1014 testantur,
1703 952 1791 1021 qui
1816 952 2172 1005 attractionem
2198 955 2436 1006 omnibus

295 1046 599 1114 corporibus
624 1047 890 1115 propriam
917 1064 1042 1108 esse,
1071 1064 1240 1115 neque
1265 1044 1358 1096 ulli
1384 1061 1552 1095 causae
1578 1053 1809 1096 externae
1846 1043 2023 1095 deberi
2056 1044 2274 1098 firmiter
2299 1065 2436 1098 asse-

293 1143 430 1198 runt,
472 1145 626 1205 atque
664 1135 796 1188 adeo
833 1135 900 1187 ad
938 1135 1207 1205 qualitates
1238 1134 1463 1185 occultas
1490 1132 1809 1204 confugiunt.
1882 1133 2126 1205 Denique
2153 1136 2435 1188 Newtonus

293 1222 658 1276 deductionem
695 1233 747 1276 et
784 1224 1160 1292 expositionem
1198 1222 1431 1273 omnium
1466 1221 1931 1290 phaenomenorum
1968 1223 2035 1274 ad
2072 1233 2255 1275 aestum
2279 1225 2434 1276 maris

291 1313 662 1380 pertinentium
687 1311 901 1364 minime
926 1312 1155 1381 perfecit,
1186 1311 1276 1363 sed
1302 1310 1449 1381 quasi
1486 1319 1686 1362 tantum
1711 1309 2067 1373 adumbravit3
2105 1312 2261 1379 plena
2297 1314 2435 1364 enim

292 1401 568 1469 explicatio
604 1411 683 1453 tot
717 1411 927 1472 tamque
964 1401 1247 1452 difficilium
1288 1400 1678 1453 Problematum
1703 1399 2012 1457 solutionem
2036 1400 2278 1468 postulat,
2320 1420 2436 1471 quae

293 1490 576 1541 Newtonus
615 1509 721 1541 non
760 1501 838 1543 est
874 1509 1178 1562 aggressus:
1218 1488 1336 1541 cum
1362 1489 1500 1542 enim
1524 1489 1677 1558 hujus
1704 1490 2004 1559 quaestionis
2042 1490 2285 1541 enodatio
2322 1510 2434 1542 am-

289 1582 547 1650 plissimos
574 1583 798 1634 calculos
825 1583 1068 1653 requirat,
1097 1582 1208 1651 ipse
1227 1581 1459 1653 analysin
1485 1582 1650 1634 vitans
1674 1581 1922 1651 pleraque
1942 1591 2144 1633 tantum
2163 1581 2329 1633 obiter
2354 1583 2434 1632 in-

291 1671 489 1723 dicasse
527 1682 798 1724 contentus
836 1670 960 1734 fuit3
1006 1672 1075 1723 ob
1112 1690 1267 1742 quem
1304 1671 1561 1724 defectum
1597 1670 1834 1739 plurimis
1871 1671 2042 1723 adhuc
2084 1671 2254 1723 dubiis
2294 1673 2432 1723 circa

289 1762 448 1830 ipsius
475 1762 870 1832 explicationem
896 1772 975 1815 est
998 1762 1222 1815 relictus.
1288 1763 1473 1834 Neque
1498 1762 1636 1814 enim
1659 1762 1713 1813 in
1739 1762 1819 1813 his
1845 1763 2040 1814 viribus
2066 1781 2244 1814 veram
2272 1762 2431 1815 aestfis

257 1913 259 1917 ι
288 1851 446 1902 maris
485 1869 690 1904 causam
730 1852 984 1903 contineri
1020 1850 1141 1904 ante
1177 1861 1375 1904 certum
1413 1870 1526 1903 esse
1559 1859 1747 1919 potest,
1788 1850 1941 1920 quam
1966 1849 2205 1902 absoluto
2231 1850 2431 1902 calculo

288 1940 547 2008 perfectus
574 1959 855 1994 consensus
879 1941 1349 2010 phaenomenorum
1373 1959 1491 1993 cum
1516 1938 1715 1992 theoria
1741 1938 1895 1991 fuerit
1919 1938 2225 1991 declaratus,

1267 2169 1449 2186 “mmm

940 2323 1230 2385 CAPUT
1275 2322 1774 2384 SECUNDUM.

607 2490 707 2548 De
734 2489 948 2549 viribus
969 2490 1119 2549 Solis
1145 2498 1203 2547 et
1225 2490 1415 2548 Lunoe
1436 2491 1515 2547 ad
1541 2490 1727 2548 Mare
1754 2486 2099 2546 movendum.

283 2667 320 2729 ᾗ.
353 2669 433 2714 16.
462 2640 799 2727 EFFECTUS,
844 2681 972 2733 quos
1022 2663 1155 2715 vires
1196 2662 1314 2715 cum
1366 2663 1499 2716 Solis
1549 2662 1659 2715 tum
1711 2663 1879 2716 Lunae
1928 2664 2046 2717 ante
2090 2661 2326 2716 stabilitae
2369 2663 2422 2714 in

284 2752 506 2804 Terram
550 2763 787 2818 exerunt,
827 2753 900 2806 ad’
937 2754 1043 2806 duo
1084 2772 1277 2825 genera
1315 2764 1437 2806 sunt
1479 2754 1763 2808 referendi:
1803 2774 2024 2827 quorum
2067 2755 2286 2807 alterum
2333 2772 2420 2805 eos

282 2844 642 2913 complectitur
679 2845 888 2897 effectus
927 2863 1054 2915 quos
1095 2846 1185 2898 Sol
1222 2864 1282 2897 ac
1321 2846 1475 2897 Luna
1509 2846 1563 2896 in
1597 2846 1889 2898 universam
1916 2846 2136 2899 Terram
2159 2855 2421 2913 tamquam

282 2952 444 2985 unum
488 2953 676 3003 corpus
719 2934 1093 2987 consideratam
1139 2945 1372 2996 exercet3
1430 2934 1648 2987 alterum
1700 2935 1822 2987 vero
1870 2954 1975 2998 eos,
2028 2951 2156 3004 quos
2201 2931 2418 3003 singulae

282 3007 464 3073 Terrae
500 3033 671 3092 partes
709 3041 740 3074 a
776 3023 971 3075 viribus
1013 3023 1147 3076 Solis
1184 3041 1244 3074 ac
1283 3023 1454 3075 Lunae
1486 3023 1768 3092 patiuntur.
1852 3023 1940 3076 Ad
1977 3022 2187 3074 effectus
2224 3020 2412 3089 prioris

279 3111 483 3180 generis
519 3111 924 3183 investigandos,
962 3111 1128 3163 omnis
1172 3112 1354 3164 Terrae
1391 3113 1605 3164 materia
1641 3122 1884 3182 tanquam
1920 3111 1974 3162 in
2010 3111 2164 3163 unico
2201 3119 2413 3179 punct0,

280 3208 459 3250 centro
502 3199 695 3252 scilicet
736 3199 1018 3271 gravitatiS,
1060 3199 1276 3251 collecta
1317 3199 1688 3263 consideratur,
1733 3219 1793 3251 ac
1831 3197 1934 3250 tam
1972 3217 2039 3251 ex
2081 3207 2227 3250 motu
2263 3198 2415 3249 insito

281 3285 434 3356 quam
471 3288 664 3340 viribus
703 3288 1092 3341 sollicitantibus
1129 3298 1299 3341 motus
1337 3288 1519 3340 Terrae
1554 3288 1909 3359 progressivus
1935 3287 1989 3338 in
2016 3285 2104 3339 sua
2132 3286 2298 3338 orbita
2324 3286 2414 3339 de-

283 3379 547 3430 terminari
573 3379 718 3432 solet.
796 3380 883 3432 Ex
906 3379 1110 3449 hocque
1134 3379 1391 3448 principio
1415 3363 1638 3431 innotuit
1660 3378 1764 3429 vim
1789 3377 1923 3430 hanc
1952 3378 2085 3432 Solis
2110 3377 2327 3441 efficere,
2355 3385 2415 3428 ut

281 3466 448 3518 Terra
492 3467 626 3519 circa
673 3468 846 3521 Solem
888 3468 942 3519 in
982 3466 1149 3519 orbita
1187 3466 1408 3536 elliptica
1446 3465 1849 3530 circumferatur,
1891 3467 1991 3518 vim
2030 3466 2199 3518 Lunae
2239 3474 2412 3518 autem

196 3597 199 3601 ,
279 3564 387 3607 tam
420 3573 530 3606 esse
564 3556 803 3621 debilem,
841 3566 901 3610 ut
936 3556 1024 3609 vix
1061 3575 1139 3608 ac.
1156 3575 1224 3608 ne
1259 3557 1347 3608 vix
1384 3555 1593 3626 quidem
1616 3555 1778 3608 ‚ullam
1817 3556 2108 3608 sensibilem
2140 3556 2410 3624 perturba-

279 3646 473 3698 tionem
512 3646 564 3697 in
600 3659 744 3700 motu
783 3649 971 3702 Terrae¹
999 3651 1178 3700 'annuo
1214 3648 1501 3717 producere
1524 3646 1705 3700 valeat.
1783 3645 1979 3700 Contra
2005 3656 2177 3698 autem
2202 3645 2410 3697 docebi-

278 3745 380 3798 tur,
420 3736 524 3786 vim
564 3736 731 3787 Lunae
767 3739 834 3789 ad
868 3748 1042 3806 partes
1082 3739 1265 3791 Terrae
1301 3738 1435 3790 inter
1460 3756 1513 3789 se
1540 3736 1937 3790 commovendas
1962 3754 2022 3788 ac
2046 3754 2187 3787 mare
2212 3734 2408 3806 agitan-

280 3825 406 3877 dum
430 3826 593 3879 multo
618 3845 729 3880 esse
751 3827 1015 3882 fortiorem
1039 3830 1090 3883 vi
1117 3830 1250 3884 Solis
1264 3849 1279 3892 3
1306 3848 1372 3883 ex
1396 3847 1499 3900 quo
1523 3828 1779 3899 plerisque
1802 3828 1971 3898 primo
1996 3825 2182 3879 intuitu
2208 3824 2408 3877 summe
