2528 4172
145 283 647 348 LxssERTERT1US.]
724 238 1123 335 PRINCIPIA
1162 277 1776 334 MATHEMATICA.
2188 285 2255 330 45

138 427 197 495 (²)
225 425 357 478 Aliis
390 425 444 476 in
482 426 682 478 casibus
708 424 949 476 distantia
975 432 1272 475 centrorum
1297 441 1501 491 semper
1524 422 1694 473 minor
1720 429 1812 472 est.
1890 420 1961 471 Et
1984 427 2262 487 propterea

134 512 254 566 cum
297 525 529 566 centrum
568 514 697 565 illud
737 513 1000 584 gravitatis
1039 510 1292 581 perpetuo
1335 511 1565 581 quiescit,
1620 509 1712 562 Sol
1752 528 1850 578 pro
1894 508 2036 559 vario
2079 507 2259 575 plane-

132 616 302 658 tarum
339 606 439 657 situ
475 606 529 656 in
564 624 742 657 omnes
778 615 950 674 partes
984 604 1289 667 movebitur,
1318 603 1410 655 sed
1436 622 1466 654 a
1491 612 1670 655 centro
1697 603 1788 654 illo
1813 618 2079 671 nunquam
2102 597 2257 670 longe

131 695 352 747 recedet.

207 785 368 836 Corol.
409 781 555 834 Hinc
592 800 863 835 commune
887 781 1151 853 gravitatis
1178 790 1413 833 centrum
1452 781 1504 833 T
1505 799 1651 843 errae,
1695 781 1829 833 Solis
1856 789 1907 832 et
1930 780 2256 849 planetarum

132 874 362 925 omniu-m
396 893 493 942 pro
520 883 697 925 centro
721 874 902 925 mundi
926 872 1222 924 habendum
1247 881 1339 923 est.
1416 872 1555 924 Nam
1580 869 1698 923 cum
1724 871 1908 933 Terra,
1952 869 2042 922 Sol
2068 877 2119 919 et
2143 867 2254 936 pla-

132 972 267 1013 netae
303 980 480 1013 omnes
515 963 772 1032 gravitent
808 963 861 1012 in
899 981 953 1013 se
989 960 1186 1024 mutuo,
1225 970 1277 1012 et
1310 969 1601 1029 propterea,
1640 978 1737 1029 pro
1763 959 1813 1010 vi
1836 958 2100 1029 gravitatis
2127 976 2250 1019 suae,

128 1050 410 1103 secundum
445 1052 585 1122 leges
622 1050 791 1103 motus
828 1051 1079 1120 perpetuo
1109 1052 1396 1121 agitentur:
1435 1050 1769 1119 perspicuum
1794 1060 1872 1101 est
1896 1050 2037 1119 quod
2064 1050 2253 1100 horum

127 1152 303 1193 centra
326 1143 535 1193 mobilia
563 1161 660 1211 pro
685 1142 866 1193 mundi
891 1152 1069 1193 centro
1095 1141 1388 1211 quiescente
1412 1140 1591 1191 haberi
1614 1148 1894 1210 nequeunt.
1972 1139 2029 1190 Si
2066 1156 2252 1206 corpus

126 1229 255 1280 illud
279 1231 333 1280 in
359 1239 535 1282 centro
560 1230 836 1282 locandum
862 1239 1009 1293 esset,
1049 1230 1104 1280 in
1141 1229 1280 1299 quod
1307 1248 1523 1298 corpora
1549 1230 1721 1280 omnia
1745 1226 1969 1279 maxime
1995 1228 2253 1298 gravitant

128 1319 224 1388 (uti
259 1319 401 1389 vulgi
438 1329 513 1371 est
537 1320 731 1388 opinio)
769 1320 1095 1390 privilegium
1132 1319 1271 1370 istud
1308 1319 1698 1371 concedendum
1734 1328 1867 1370 esset
1912 1318 2036 1370 Soli.
2115 1318 2252 1369 Cum

125 1420 296 1461 autem
336 1410 426 1462 Sol
460 1420 740 1473 moveatur,
781 1409 1077 1480 eligendum
1103 1410 1199 1461 erit
1221 1420 1471 1479 punctum
1498 1410 1782 1479 quiescenS,
1822 1429 1854 1461 a
1887 1428 1991 1479 quo
2016 1419 2251 1460 centrum

127 1497 260 1550 Solis
298 1515 451 1566 quam
486 1495 965 1560 minime'discedit,
1005 1507 1056 1549 et
1091 1517 1121 1549 a
1159 1516 1263 1568 quo
1298 1498 1437 1550 idem
1468 1497 1640 1550 adhuc
1664 1496 1834 1550 minus
1859 1497 2167 1563 discederet,
2208 1498 2251 1550 si

122 1583 278 1637 modo
308 1585 399 1637 Sol
424 1585 630 1638 densior
655 1596 788 1639 esset
812 1595 864 1638 et
886 1587 1065 1656 major,
1101 1596 1159 1639 ut
1181 1587 1350 1639 minus
1375 1596 1685 1639 moveretur.
1763 1587 1765 1589 ’

475 1810 948 1866 PROPOSITIO
989 1813 1156 1868 XIII.
1233 1813 1685 1868 THEOREMA
1723 1813 1889 1868 XIII.

116 1950 349 2002 Planetce
389 1959 640 2003 moventur
682 1953 737 2003 in
780 1952 1033 2020 ellz'psz’bus
1066 1952 1344 2005 umbilicum
1386 1953 1677 2004 habentibus
1720 1954 1775 2004 in
1813 1961 1980 2004 centro
2012 1953 2158 2015 Solis,
2199 1961 2249 2004 et

188 2042 352 2092 radiis
376 2043 447 2092 ad
470 2050 685 2093 centrum
712 2044 840 2094 illud
863 2044 1021 2095 ductis
1043 2055 1192 2095 areas
1209 2044 1487 2096 describunt
1511 2043 1807 2110 temporibus
1821 2044 2244 2110 proportionales.

188 2216 581 2286 Disputavimus
607 2236 763 2286 supra
788 2217 853 2269 de
878 2217 958 2268 his
984 2217 1208 2269 motibus
1235 2235 1301 2269 ex
1324 2216 1695 2286 phaenomenis.
1750 2216 1785 2268 J
1787 2234 1870 2267 am
1896 2216 2114 2287 cognitis
2132 2234 2244 2267 mo-

114 2314 261 2359 tuum
285 2306 567 2375 principiis,
588 2324 654 2358 ex
677 2305 757 2357 his
775 2306 1061 2377 colligimus
1080 2316 1250 2358 motus
1271 2305 1501 2358 coelestes
1528 2325 1558 2357 a
1580 2305 1758 2374 priori.
1813 2306 2077 2367 Quoniam
2113 2323 2245 2373 pon-

113 2394 237 2445 dera
255 2395 578 2464 planetarum
595 2395 649 2445 in
671 2394 844 2447 Solem
865 2405 985 2447 sunt
1009 2393 1275 2464 reciproce
1295 2404 1353 2446 ut
1369 2394 1620 2464 quadrata
1638 2393 1995 2445 distantiarum
2016 2413 2047 2444 a
2068 2404 2245 2445 centro

118 2481 280 2543 Solis3
334 2483 377 2534 si
420 2483 510 2535 Sol
555 2483 839 2554 quiesceret
882 2494 934 2536 et
975 2483 1198 2552 planetae
1241 2483 1427 2553 reliqui
1470 2501 1579 2534 non
1618 2493 1832 2553 agerent
1867 2483 1921 2533 in
1958 2502 2012 2534 se
2043 2481 2240 2547 mutuo,

112 2568 280 2626 forent
322 2573 472 2625 orbes
516 2591 697 2625 eorum
734 2573 960 2642 elliptici,
1005 2573 1181 2626 Solem
1216 2573 1271 2624 in
1306 2573 1552 2624 umbilico
1589 2574 1851 2625 communi
1886 2573 2152 2637 habentes,
2193 2584 2243 2626 et

113 2678 246 2713 areae
282 2664 696 2716 describerentur
732 2665 1050 2734 temporibus
1088 2663 1502 2733 proportionales
1543 2667 1657 2733 (per
1697 2664 1854 2732 Prop.
1885 2664 1929 2715 I.
1969 2674 2020 2715 et
2058 2659 2164 2715 XI.
2192 2674 2243 2715 et

117 2750 290 2803 Corol.
323 2760 368 2805 1.
410 2754 568 2823 Prop.
598 2754 764 2807 XIII.
805 2754 923 2806 Lib.
954 2754 1021 2819 I.)
1062 2754 1287 2805 actiones
1327 2763 1497 2805 autem
1534 2754 1860 2822 planetarum
1895 2755 1950 2805 in
1982 2773 2035 2805 se
2060 2764 2241 2807 mutuo

111 2841 407 2911 perexiguae
446 2852 565 2893 sunt
603 2845 681 2910 (ut
717 2843 919 2911 possint
954 2842 1233 2906 contemni)
1275 2852 1327 2893 et
1349 2852 1520 2893 motus
1545 2843 1871 2910 planetarum
1896 2843 1950 2893 in
1977 2843 2239 2912 ellipsibus

114 2927 250 2979 circa
277 2929 452 2982 Solem
479 2930 724 2981 mobilem
749 2927 920 2981 minus
945 2929 1251 2998 perturbant
1277 2933 1391 2999 (per
1419 2930 1578 2999 Prop.
1606 2931 1813 2983 LXVI.
1843 2932 1962 2984 Lib.
1991 2932 2058 2997 I.)
2086 2933 2240 3002 quam

114 3015 157 3067 si
180 3028 349 3068 motus
375 3018 459 3068 isti
484 3019 621 3070 circa
649 3017 823 3070 Solem
849 3017 1195 3088 quiescentem
1219 3029 1608 3088 peragerentur.

184 3105 338 3156 Actio
363 3105 571 3175 quidem
596 3105 739 3159 Jovis
764 3106 819 3156 in
848 3107 1129 3158 Saturnum
1153 3125 1260 3158 non
1285 3117 1363 3159 est
1387 3108 1599 3160 omnino
1631 3109 2022 3160 contemnenda.
2098 3110 2238 3162 Nam

113 3193 333 3261 gravitas
370 3194 425 3245 in
453 3194 637 3246 Jovem
661 3203 739 3246 est
763 3194 830 3246 ad
854 3194 1160 3265 gravitatem
1185 3195 1239 3246 in
1268 3195 1442 3247 Solem
1469 3197 1700 3266 (paribus
1727 3197 2001 3263 distantiis)
2031 3198 2092 3267 (³)
2121 3210 2179 3251 ut
2208 3206 2230 3250 1

167 3351 227 3403 (²)
250 3355 271 3378 ⁴
292 3357 388 3394 Aliis
416 3358 458 3395 in
483 3358 639 3395 casibus.
699 3357 739 3395 Si
758 3355 895 3405 nempe
913 3355 963 3395 ad
981 3356 1147 3396 diversas
1197 3356 1258 3395 sui
1276 3356 1461 3396 diametro
1474 3371 1498 3396 a
1510 3364 1642 3396 centro
1654 3358 1872 3408 quiescente
1890 3361 2102 3409 systematis
2121 3362 2238 3400 totius

115 3405 214 3442 Solis
231 3414 355 3453 partes
372 3408 534 3456 planetae
552 3409 770 3456 consistant,
787 3418 963 3447 centrum
982 3412 1146 3460 gravita-
1198 3410 1361 3448 recedet.
1425 3411 1530 3455 Quia
1547 3409 1637 3448 vero
1660 3411 1758 3448 Solis
1776 3420 1814 3448 et
1832 3412 2071 3459 planetarum
2091 3416 2237 3464 ponde-

111 3457 160 3493 tis
179 3457 294 3495 modo
312 3459 442 3497 versus
454 3470 571 3498 unam
592 3471 751 3510 partem,
771 3460 887 3500 modo
904 3462 1034 3500 versus
1053 3463 1146 3502 alte·
1199 3464 1305 3501 ribus
1324 3468 1411 3515 (per
1433 3465 1520 3501 Cor.
1549 3468 1580 3501 1.
1607 3463 1723 3512 Prop.
1749 3464 1901 3515 VIII.)
1921 3466 2097 3512 inventis,
2127 3468 2236 3506 dato·

109 3522 192 3547 ram
211 3510 357 3557 incidit,
377 3512 468 3550 hinc
485 3522 658 3551 centrum
677 3516 873 3565 gravitatis
891 3515 998 3565 quasi
1017 3516 1146 3553 medio
1197 3528 1274 3566 que
1302 3517 1378 3553 situ
1410 3516 1585 3553 omnium
1618 3515 1666 3553 ad
1689 3516 1866 3564 invicem,
1892 3518 2005 3557 datur
2031 3533 2239 3559 commune

109 3561 195 3601 loco
212 3563 259 3599 iis
277 3564 426 3601 casibus
442 3565 532 3613 poni
551 3566 675 3614 debet,
704 3568 832 3605 minor
848 3568 977 3618 itaque
995 3568 1039 3605 fit
1057 3581 1146 3606 cen·
1199 3568 1395 3618 gravitatis
1423 3576 1601 3605 centrum
1634 3569 1717 3619 (61.
1753 3570 1841 3608 Lib.
1867 3570 1926 3620 I.)
1955 3581 2060 3621 patet
2082 3586 2239 3624 quoque

109 3621 255 3653 trorum
274 3615 463 3655 distantia.
1200 3621 1291 3658 dato
1318 3621 1517 3658 communi
1544 3622 1739 3671 gravitatis
1774 3630 1905 3662 centro
1940 3626 2069 3665 haberi
2106 3627 2239 3664 locum

163 3671 225 3706 71.
253 3669 451 3712 Quoniam
474 3669 540 3708 Sol
557 3682 625 3718 pro
643 3670 790 3710 diverso
807 3672 1048 3721 planetarum
1066 3672 1142 3710 situ
1199 3672 1298 3711 Solis
1316 3673 1366 3711 ad
1385 3680 1536 3722 tempus
1558 3674 1809 3722 propositum.

108 3718 359 3759 diversimode
389 3723 565 3772 agitatur,
604 3734 712 3761 motu
748 3725 915 3774 quodam
950 3726 1143 3764 libratorio
1251 3724 1306 3779 (a)
1329 3728 1350 3750 *
1380 3728 1433 3766 Ut
1454 3730 1544 3766 l‘ad
1566 3730 1664 3767 1067
1686 3729 1798 3781 (Cor.
1822 3734 1860 3769 2.
1883 3729 2001 3780 Prop.
2027 3731 2196 3783 VIII.).

108 3771 211 3811 lente
238 3786 387 3824 semper
415 3776 566 3822 errabit,
597 3788 798 3827 nunquam
826 3784 955 3816 tamen
991 3776 1144 3829 integra
1874 3778 1883 3789 '

165 3843 379 3898 Vos-⁴111.
1152 3848 1186 3886 F
