2528 4172
258 304 323 349 56

754 286 1318 345 PHILOSOPHIAE
1358 286 1808 342 NATURALIS
1862 289 1979 354 [DE
2001 291 2201 344 Mum).
2222 294 2375 345 SYs‘r.

254 438 503 507 pedarum
532 433 898 487 parisiensium
923 436 1114 486 57060.
1185 428 1250 496 (ᾗ)
1282 427 1526 480 Cassinus
1552 429 1722 481 senior
1745 433 2060 484 mensuravit
2084 434 2375 487 distantiam

253 530 309 581 in
334 528 616 579 meridiano
642 544 672 576 a
695 522 814 575 villa
844 521 1107 574 Collioure
1129 519 1183 570 in
1212 518 1511 570 Roussillon
1535 519 1602 570 ad
1627 520 2033 574 observatorium
2059 523 2344 578 Parisiense
2357 546 2374 590 3

253 713 377 762 prima
403 711 581 764 distantia
611 709 692 756 lO'',
719 708 839 748 altera
866 696 955 759 83³2
978 707 1066 754 fiat;
1082 705 1180 746 cnm
1197 717 1290 758 ergo

254 769 357 817 prior
374 767 441 803 fiat
876 760 923 800 90
950 784 968 792 -
995 766 1047 800 59
1073 784 1091 792 -
1124 762 1172 798 15

364 831 499 868 Altera
707 852 739 878 v-
792 850 810 858 -
865 830 890 864 8
942 849 961 857 -
987 830 1040 864 56
1066 848 1084 857 -
1115 814 1198 878 18}

364 886 490 920 Arcus
505 881 734 929 interceptus
745 879 844 918 inter

255 936 380 974 zenith
412 936 585 973 locorum
612 932 839 972 observatio-

255 1003 314 1041 nis
332 1003 376 1040 fit
439 1024 812 1034 ------
867 1004 884 1037 1
941 1023 960 1031 -
990 1004 1043 1038 22
1069 1022 1087 1030 -
1114 983 1199 1049 56}
1278 1047 1288 1056 ·

311 1056 373 1093 Ex
391 1055 451 1092 his
468 1066 560 1105 ergo
578 1052 876 1092 correctionibus
889 1060 968 1090 tam
985 1054 1027 1089 in
1042 1063 1133 1089 arcu
1148 1049 1291 1088 coelesti

253 1107 372 1159 quam
398 1108 439 1145 in
465 1107 654 1145 mensuris
678 1105 925 1151 terrestribus,
945 1118 970 1142 a
991 1104 1143 1143 Picarto
1162 1105 1290 1141 obser-

253 1162 360 1206 vatis,
389 1160 546 1199 deducit
570 1159 626 1197 ill.
653 1159 834 1198 Cassinus
852 1170 985 1196 arcum
1002 1157 1120 1196 unius
1146 1154 1292 1207 gradus

255 1226 335 1252 esse
353 1217 484 1253 57010
502 1215 588 1251 hex.

517 785 820 803 ......

308 1267 371 1304 II.
411 1267 474 1304 111.
507 1265 556 1303 de
586 1263 830 1314 Maupertuis
857 1276 1057 1302 mensuras
1083 1268 1289 1309 terrestres,

252 1332 348 1369 quas
379 1320 554 1357 Picartus
579 1318 786 1367 adoptavit,
813 1317 1030 1364 admittens,
1059 1328 1190 1355 arcum
1215 1328 1290 1352 coe-

253 1372 388 1409 lestem
419 1371 654 1409 mensuravit
683 1371 949 1416 instrumento,
987 1384 1011 1408 a
1046 1368 1290 1408 solertissimo

259 1426 431 1463 Graham
457 1423 739 1463 accuratissime
766 1430 983 1462 constructo
995 1438 1007 1470 ;
1044 1422 1136 1461 cum
1161 1429 1290 1459 autern

252 1478 396 1526 priores
424 1485 586 1515 sectores
617 1476 716 1515 circa
746 1489 859 1515 axem
886 1476 1105 1522 immotum,
1139 1487 1186 1512 ex
1213 1485 1291 1524 quo

253 1530 365 1568 filum
385 1530 561 1568 verticale
579 1529 730 1579 pendet,
759 1529 1053 1575 revolverentur,
1081 1536 1119 1566 et
1136 1527 1288 1566 divisio-

252 1595 321 1620 nes
339 1583 553 1621 subtiliores
578 1584 620 1620 in
641 1583 793 1620 sectoris
811 1582 930 1620 limbo
947 1595 1015 1631 per
1033 1582 1151 1619 lineas
1168 1588 1288 1618 trans-

252 1648 378 1674 versas
403 1635 656 1686 signarentur,
686 1637 728 1672 in
753 1637 829 1673 hoc
854 1635 1109 1673 instrumento
1131 1633 1291 1672 telesco-

252 1689 363 1736 pium
381 1689 423 1726 in
443 1687 515 1727 sua
532 1689 750 1727 summitate
764 1688 862 1726 duos
879 1688 1070 1737 cylindros
1087 1688 1291 1739 adjunctos

252 1742 378 1787 habet,
406 1742 506 1780 circa
522 1754 618 1792 quos
635 1753 725 1778 cum
744 1748 887 1779 sectore
910 1739 1069 1779 inferius
1086 1741 1213 1778 adfixo
1230 1752 1289 1777 re-

252 1794 430 1842 volvitur,
459 1802 498 1832 et
515 1807 561 1832 ex
579 1806 745 1845 quorum
763 1801 893 1832 centro
911 1794 1053 1842 pendet
1070 1794 1181 1831 filum
1207 1804 1290 1830 ver-

253 1847 367 1885 ticale
393 1860 471 1898 quo
501 1854 682 1885 notentur
715 1846 857 1897 gradus
892 1847 933 1883 in
961 1847 1081 1885 limbo
1112 1845 1289 1893 sectoris;

253 1899 458 1938 divisiones
488 1900 530 1937 in
557 1913 604 1938 eo
629 1900 750 1938 limbo
773 1899 918 1951 gradus
944 1907 982 1937 et
1006 1912 1140 1937 eorum
1163 1906 1291 1948 partes

254 1961 406 1991 octavas
440 1953 675 1992 tenuissimis
709 1953 863 2002 punctis
896 1952 1079 1999 indicant,
1118 1952 1291 2002 nihilque

254 2014 448 2053 praeterea,
468 2014 506 2044 et
519 2006 568 2044 ad
587 2006 886 2044 observationem
899 2005 1115 2044 faciendam
1133 2005 1185 2042 ita
1199 2016 1290 2042 con-

255 2058 426 2096 stituitur
452 2059 765 2105 instrumentum',
790 2066 836 2097 ut
859 2058 969 2096 filum
988 2058 1202 2107 pendulum
1221 2056 1291 2095 ali-

256 2110 320 2148 cui
339 2124 361 2149 e
379 2111 629 2151 divisionibus
646 2111 821 2150 accurate
839 2112 1062 2160 applicetur,
1083 2110 1199 2160 idque
1217 2109 1288 2146 mi-

256 2164 450 2212 croscopio
481 2177 573 2203 curn
602 2164 750 2202 lumine
775 2165 889 2215 juxta
917 2164 1079 2202 limbum
1107 2163 1292 2201 collocato

255 2217 475 2267 agnoscitur
487 2232 500 2264 ;
528 2226 615 2255 tum
633 2216 790 2256 cochlea
816 2216 971 2266 pellitur
990 2217 1292 2255 instrumentum

257 2269 379 2307 donec
407 2271 601 2321 objectum
629 2270 670 2308 in
701 2283 772 2308 axe
800 2270 993 2319 telescopii
1028 2276 1215 2313 cernatur,
1254 2275 1293 2306 et

255 2335 441 2361 numerus
476 2336 658 2374 gyrorum
694 2323 872 2368 cochleae,
912 2331 1113 2380 partesque
1147 2321 1291 2371 singuli

257 2375 341 2425 gyri
355 2385 608 2414 numerantur
626 2377 665 2412 in
685 2376 804 2415 limbo
818 2376 951 2414 circuli
970 2374 1157 2425 horologii
1175 2376 1294 2411 instar

257 2428 422 2466 cochleae
448 2429 599 2475 adnexi,
629 2429 682 2466 ita
706 2438 750 2466 ut
767 2429 917 2466 minimi
937 2430 1101 2467 cochleae
1119 2440 1293 2477 progres-

258 2493 323 2517 sus
340 2480 508 2519 maxime
526 2482 721 2520 sensibiles
733 2482 839 2519 fiant.
900 2482 987 2519 Tali
1005 2481 1133 2532 itaque
1150 2480 1291 2517 instru-

258 2542 391 2571 mento
422 2535 532 2584 cujus
557 2534 688 2572 radius
713 2543 771 2572 est
797 2542 882 2572 octo
905 2535 1050 2583 pedum
1073 2532 1154 2571 una
1176 2530 1292 2570 uncia

259 2585 426 2635 dempta,
455 2587 734 2624 observationes
760 2587 925 2637 instituit
949 2587 1003 2625 ill.
1026 2586 1075 2624 de
1103 2586 1291 2633 Mauper-

260 2638 337 2677 tuis
357 2640 524 2677 Lutetiae
542 2641 582 2677 in
601 2640 685 2678 loco
703 2644 802 2679 1105
821 2642 907 2678 hex.
926 2640 1048 2690 magis
1066 2637 1292 2687 septentrio-

260 2691 339 2747 nali
357 2692 473 2742 quam
492 2693 592 2731 aedes
614 2694 663 2730 B.
683 2693 869 2743 Virginis,
891 2700 929 2730 et
945 2692 1131 2730 Ambiani
1148 2692 1190 2728 in
1208 2691 1293 2728 loco

263 2744 340 2796 9δὲ
370 2745 667 2783 meridionaliori
703 2746 784 2783 aede
815 2746 899 2797 ejus
926 2745 1041 2784 urbis.
1114 2744 1214 2783 Inde
1245 2755 1293 2781 ex

261 2798 380 2836 stellis
408 2805 445 2836 et
476 2798 618 2844 Persei,
651 2807 689 2837 et
719 2799 919 2845 Draconis,
945 2811 1078 2837 areum
1101 2798 1294 2836 coelestem

262 2850 361 2888 inter
379 2851 504 2889 zenith
525 2864 658 2889 eorum
685 2852 858 2890 locorum
885 2852 1139 2901 interceptum
1163 2850 1217 2887 10.
1245 2849 1288 2887 1’.

267 2903 347 2942 12”.
382 2904 660 2952 determinavit,
699 2904 995 2944 correctionibus
1038 2903 1296 2954 praecessionis

264 2956 569 3007 aequinoxiorum
606 2965 644 2996 et
678 2958 923 2995 aberratio-nis
966 2957 1063 2997 lucis
1100 2956 1290 2996 adhibitis.

268 3009 376 3048 Hinc
394 3008 485 3048 cum
498 3011 613 3061 juxta
634 3011 830 3048 Picartum
849 3010 947 3049 inter
969 3010 1170 3059 parallelos
1191 3009 1296 3047 Mal-

265 3063 420 3100 voisinae
447 3071 485 3101 et
512 3063 696 3101 Ambiani
714 3063 790 3101 sint
809 3068 935 3103 78907
962 3065 1047 3101 hex.
1072 3063 1171 3100 inter
1191 3062 1296 3100 Mal-

266 3116 450 3153 voisinam
493 3124 532 3154 et
575 3116 675 3154 aedes
719 3117 766 3154 Β.
809 3116 983 3167 Virginis
1020 3116 1188 3153 Lutetiis
1222 3115 1299 3153 sint

270 3169 426 3220 1937Θὲ
470 3171 557 3208 hex.
606 3177 763 3207 manent
803 3168 902 3207 inter
936 3177 1139 3219 utramque
1174 3167 1297 3205 aedem

267 3222 424 3272 5955οὲ
459 3223 545 3260 hex.
580 3235 628 3260 ex
664 3223 802 3274 quibus
832 3222 1008 3260 detractis
1048 3220 1173 3272 1205}
1207 3221 1293 3258 hex.

267 3282 421 3322 propter
439 3276 744 3314 observationum
762 3276 856 3322 loca,
875 3275 1069 3313 invenitur
1086 3286 1218 3312 arcum
1242 3272 1298 3311 10.

273 3326 316 3363 1’.
337 3326 418 3363 12‘'.
437 3328 664 3377 respondere
677 3341 866 3366 mensurae
878 3331 1018 3367 58327.
1032 3328 1119 3365 hex.
1134 3324 1299 3376 ideoque

268 3391 399 3416 arcum
419 3381 534 3418 unius
560 3381 701 3431 gradus
727 3381 939 3432 hexapedas
957 3384 1098 3420 57185.
1119 3380 1162 3418 in
1179 3379 1226 3418 ea
1243 3378 1300 3417 la-

268 3431 433 3469 titudine
451 3434 653 3472 continere.

325 3483 473 3522 Verum
501 3486 562 3523 hic
590 3487 1005 3534 not-dissimulandum
1032 3486 1156 3538 qualis
1178 3497 1300 3538 quan-

270 3545 408 3587 tusque
427 3550 528 3574 error
546 3540 793 3578 observationi
818 3541 957 3579 Picarti
981 3540 1226 3585 adscribatur,
1254 3550 1302 3577 ex

271 3590 343 3628 hac
371 3589 576 3628 novissima
600 3591 655 3629 ill.
679 3593 727 3630 de
756 3593 999 3643 Maupertuis
1016 3593 1299 3639 observatione3

273 3650 311 3679 et
330 3650 373 3679 ut
390 3643 455 3681 ille
473 3655 575 3680 error
592 3643 693 3682 recte
713 3646 932 3692 aestimetur,
961 3645 1195 3698 corrigendae
1213 3652 1304 3683 sunt

272 3694 357 3746 ejus
380 3697 657 3734 observationes
683 3697 850 3735 coelestes
874 3711 953 3737 non
976 3707 1126 3737 tantum
1154 3711 1222 3748 per
1244 3710 1304 3735 re-

273 3748 509 3795 fractionem,
538 3749 603 3786 sed
628 3749 744 3788 etiam
769 3762 837 3798 per
865 3746 1179 3801 aequnibctiorum
1207 3763 1304 3800 prae-

275 3800 484 3841 cessionem
516 3809 554 3840 et
584 3802 858 3841 aberrationem
886 3804 1006 3852 lucis3
1038 3806 1182 3844 etenim
1209 3802 1302 3843 cum

1343 702 1479 741 eodem
1498 712 1668 754 tempore
1685 706 1798 744 factae
1814 719 1894 746 non
1907 708 2052 747 fuerint
2064 708 2341 747 observationes
2355 723 2378 748 a
2402 736 2421 751 .

1346 756 1499 795 Picarto
1527 758 1769 797 Malvoisinae
1796 767 1835 798 et
1864 762 2072 808 Ambiano,
2099 761 2166 799 sed
2188 762 2288 799 inter
2314 774 2414 800 eas*

1342 810 1484 847 mensis
1511 810 1756 849 intervallum
1779 813 1980 861 effluxerit,
2014 815 2158 852 interea
2184 827 2252 863 per
2278 827 2376 862 prae-

1342 862 1550 900 cessionem
1569 864 1884 913 aequinoctiorum
1903 869 2115 917 augebatur
2133 868 2252 905 stellae
2271 880 2376 917 genu

1346 914 1558 964 Cassiopeae
1577 917 1779 955 declinatio
1797 919 1877 969 1}st
1892 928 1938 958 ut
1955 922 2036 968 ipse
2057 921 2232 958 Picartus
2248 923 2374 957 obser-

1341 976 1416 1013 vat,
1436 969 1627 1018 simulque
1644 979 1798 1020 propter
1814 973 2091 1010 aberrationem
2109 973 2206 1010 lucis
2225 973 2283 1010 8''.
2300 974 2372 1010 cir-

1341 1020 1438 1058 citer
1465 1023 1598 1071 augeri
1627 1035 1712 1059 eam
1744 1024 2039 1063 declinationem
2074 1038 2178 1063 nunc
2214 1033 2372 1070 constat,

1340 1085 1458 1122 quare
1477 1074 1585 1111 stella
1601 1088 1689 1125 quae
1710 1077 1895 1114 Ambiani
1913 1080 2181 1116 observabatur
2199 1091 2275 1114 non
2295 1086 2375 1116 erat

1340 1125 1383 1163 in
1401 1127 1535 1164 eodem
1554 1128 1638 1165 coeli
1664 1130 1808 1176 puncto
1825 1143 1903 1180 quo
1920 1130 2045 1169 fuerat
2063 1130 2154 1168 cum
2175 1131 2374 1168 Malvoisi-

1341 1191 1403 1216 nae
1431 1182 1710 1227 observaretur‚‘
1736 1181 1803 1220 sed
1834 1191 1914 1221 erat
1945 1188 1995 1221 10
2017 1184 2098 1221 fere
2124 1184 2302 1221 secundis
2325 1184 2373 1222 ad

1341 1234 1639 1279 septentrionem
1666 1234 1901 1284 provectior;
1929 1236 2024 1274 dum
2045 1249 2136 1286 ergo
2154 1238 2374 1274 observaba-

1340 1292 1405 1323 tur
1436 1299 1522 1323 eam
1550 1287 1700 1324 stellam
1726 1287 1865 1326 distare
1891 1302 1915 1327 a
1943 1289 2070 1327 zenith
2098 1289 2282 1326 Ambiani
2310 1289 2370 1326 80.

1340 1341 1731 1405 56'.18}''‚(adhibita
1745 1354 1981 1392 refractionis
1993 1354 2242 1403 correctione)
2252 1367 2374 1403 punc-

1341 1412 1427 1443 tum
1452 1405 1576 1443 fixum
1594 1405 1698 1457 quod
1716 1407 1841 1445 fuerat
1867 1407 2111 1446 Malvoisinae
2134 1409 2374 1445 observatum

1342 1469 1403 1508 80.
1419 1471 1491 1510 56’.
1505 1460 1593 1525 8}''.
1613 1486 1635 1510 a
1649 1474 1774 1512 zenith
1793 1475 1979 1514 duntaxat
1993 1475 2164 1518 distabat,
2181 1483 2218 1513 et
2229 1474 2320 1513 cum
2335 1475 2376 1513 id

1339 1531 1529 1573 punctum
1543 1524 1786 1566 Malv'oisinae
1799 1528 1860 1568 90.
1879 1533 1952 1570 59’.
1970 1529 2050 1569 15”.
2068 1542 2092 1567 a
2102 1528 2227 1566 zenith
2242 1527 2376 1566 distas-

1340 1585 1410 1624 set,
1439 1590 1550 1616 arcus
1576 1579 1673 1617 inter
1698 1580 1777 1620 duo
1804 1582 1932 1620 zenith
1959 1582 2194 1631 interceptus
2212 1588 2291 1618 erat
2313 1580 2372 1618 10.

1341 1644 1417 1683 23'.
1428 1631 1518 1698 6}''.
1527 1648 1624 1698 (non
1642 1647 1699 1685 10.
1707 1635 1922 1700 25'.56}''.)
1935 1648 2001 1698 qui
2015 1647 2219 1697 respondet
2230 1650 2372 1686 78850.

1339 1699 1426 1736 hex.
1449 1698 1555 1740 unde
1580 1698 1723 1752 gradus
1748 1701 1865 1739 unius
1890 1714 2071 1740 mensura
2097 1701 2164 1738 fiet
2187 1700 2376 1738 duntaxat

1341 1752 1508 1818 56926-{5
1534 1766 1844 1816 hexapedarum3
1872 1767 1950 1806 sive
1980 1774 2026 1805 ut
2052 1766 2270 1805 conferatur
2295 1767 2378 1804 haec

1341 1819 1555 1857 observatio
1573 1832 1664 1857 cum
1683 1822 1865 1858 observat.
1888 1820 1929 1858 il.
1953 1820 2002 1858 de
2022 1820 2216 1868 Maupert.
2234 1818 2378 1870 fiatque

1340 1885 1372 1923 si
1399 1874 1564 1938 58315&
1589 1888 1676 1925 hex.
1698 1888 1952 1936 respondeant
1974 1886 2031 1925 10.
2061 1886 2108 1924 1’.
2135 1885 2215 1924 12¹¹.
2269 1886 2378 1931 Quot

1341 1938 1522 1992 gradibus
1548 1940 1834 1989 respondebunt
1861 1943 2002 1980 78850.
2062 1938 2288 1977 Invenietur
2316 1938 2372 1976 10.

1342 1994 1539 2057 22'.45}“.
1558 2004 1642 2042 loco
1658 2004 1715 2043 10.
1730 2006 1801 2044 25'.
1815 1994 1904 2059 6}st
1921 2007 1975 2045 ita
1984 2013 2029 2045 ut
2040 2017 2142 2044 error
2151 2004 2193 2043 in
2204 2007 2378 2043 observa-

1341 2058 1446 2096 tione
1464 2058 1607 2096 coelesti
1629 2059 1772 2097 Picarti
1790 2059 1839 2097 sit
1857 2060 1940 2098 520⁰.

1397 2111 1600 2162 Singulare
1625 2111 1720 2161 quid
1744 2111 1909 2150 occurrit
1927 2112 1967 2149 in
1986 2110 2068 2161 ipsa
2089 2110 2230 2150 Picarti
2248 2123 2377 2148 narra-

1340 2163 1472 2210 tione3
1500 2171 1701 2215 postquam
1734 2166 1838 2204 enim
1868 2164 2099 2203 differentias
2129 2165 2228 2201 inter
2251 2164 2377 2201 zenith

1343 2216 1586 2255 Malvoisinae
1604 2225 1642 2255 et
1664 2218 1885 2263 Sourdonis,
1916 2218 2159 2256 Malvoisinae
2178 2225 2216 2254 et
2238 2217 2377 2254 Ambi-

1341 2269 1405 2307 ani
1426 2269 1542 2315 dedit,
1575 2270 1702 2309 addit:
1748 2277 1773 2296 “
1801 2271 2031 2309 Differentia
2061 2269 2242 2318 temporis
2273 2269 2374 2319 quod

1343 2327 1368 2346 “
1388 2322 1537 2361 effluxit
1567 2323 1667 2362 inter
1695 2325 1986 2370 observationes,
2017 2323 2224 2373 requireret
2254 2330 2298 2359 ut
2329 2334 2377 2360 ex

1344 2380 1371 2399 “
1389 2375 1505 2424 priori
1524 2375 1738 2415 differentia
1766 2376 1821 2415 1''.
1853 2379 2076 2422 demeretur,
2106 2388 2152 2428 ex
2179 2375 2377 2423 posteriori

1343 2431 1371 2452 “
1394 2428 1473 2479 l{—''.
1500 2430 1671 2479 (propter
1702 2429 2018 2480 aequinoctiorum
2043 2427 2374 2478 praecessionem3)

1343 2485 1370 2505 “
1389 2482 1456 2518 sed
1486 2482 1585 2519 hanc
1619 2483 1905 2529 correctionem,
1945 2495 1995 2520 ne
2030 2481 2212 2519 minutias
2243 2482 2377 2518 sectari

1343 2538 1371 2557 ‘³
1389 2533 1598 2579 videamur,
1618 2535 1856 2573 omisimus.”
1914 2535 1953 2573 Si
1971 2535 2136 2572 mutatio
2152 2533 2376 2571 declinatio-

1342 2586 1403 2624 nis
1429 2600 1497 2636 per
1520 2588 1807 2636 praecessionem
1825 2587 2145 2638 aequinoctiorum
2165 2594 2248 2624 orta
2264 2598 2311 2623 ex
2329 2585 2377 2623 iis

1342 2639 1565 2678 differentiis
1583 2643 1767 2679 demenda
1792 2641 1901 2684 foret,
1930 2640 2094 2678 mutatio
2112 2638 2376 2678 declinationis

1342 2700 1497 2741 propter
1523 2694 1797 2732 aberrationem
1825 2694 1965 2743 pariter
1987 2693 2088 2732 foret
2111 2691 2300 2730 demenda
2324 2691 2375 2729 si-

1343 2746 1500 2796 quidem
1520 2746 1565 2784 fit
1581 2746 1624 2784 in
1641 2747 1816 2785 eamdem
1834 2755 1993 2796 partem,
2013 2746 2141 2796 itaque
2156 2743 2251 2783 cum
2266 2757 2376 2782 arcus

1341 2799 1442 2837 inter
1469 2800 1740 2839 Malvoisinam
1766 2808 1805 2839 et
1831 2800 2069 2839 Ambianum
2096 2796 2268 2837 adhibita
2293 2809 2376 2835 cor-

1343 2867 1510 2906 rectione
1536 2867 1782 2914 refraetionis,
1810 2867 1858 2905 sit
1888 2866 1944 2904 10.
1971 2865 2042 2904 22¹.
2085 2851 2199 2916 5612-'2
2220 2860 2377 2921 dempta

1343 2922 1601 2970 praecessionis
1618 2933 1658 2960 et
1674 2919 1919 2960 aben-ationis
1936 2918 2141 2958 variatione
2164 2916 2244 2955 10'‘.
2264 2916 2373 2953 circl-

1344 2995 1413 3034 ter,
1434 2994 1604 3027 maneret
1629 2987 1663 3024 is
1680 2999 1791 3025 arcus
1813 2984 1869 3023 10.
1893 2984 1964 3023 22'.
1982 2972 2097 3036 465‘54-'2
2116 2981 2165 3019 ad
2179 2991 2298 3017 unam
2316 2991 2374 3040 se-

1345 3041 1526 3087 cundam,
1556 3040 1679 3091 qualis
1704 3037 1917 3077 secundum
1953 3036 2022 3074 dm.
2045 3036 2094 3073 de
2131 3034 2376 3081 Maupemus

1344 3094 1645 3133 observationem
1662 3091 1825 3131 inveniri
1842 3090 2044 3129 debuisset.

1400 3164 1552 3203 Verum
1577 3171 1623 3203 ut
1646 3163 1827 3202 correctio
1844 3159 2101 3211 praecessionis
2118 3165 2157 3197 et
2174 3154 2376 3196 aberratio·

1347 3218 1407 3256 nis
1425 3220 1611 3257 demenda
1629 3217 1738 3262 foret,
1759 3223 1804 3254 ut
1820 3215 1903 3252 vult
1924 3214 2109 3258 Picartus,
2130 3218 2320 3260 oporteret
2331 3216 2376 3247 ut

1346 3272 1624 3310 observationes
1641 3268 1810 3319 primum
1831 3267 2037 3311 Ambiano,
2057 3274 2188 3314 postea
2208 3262 2384 3302 Malvoi-'

1347 3325 1440 3363 sinae
1466 3323 1627 3362 fuissent
1653 3323 1774 3368 factae,
1803 3320 1869 3358 sed
1887 3320 1940 3358 ita
1957 3326 2137 3356 notantur
2154 3317 2231 3354 illae
2249 3319 2376 3354 obser-

1347 3377 1529 3423 vationes,
1551 3374 1764 3426 septembri
1784 3372 2024 3412 Malvoisinae
2042 3379 2080 3409 et
2100 3369 2258 3409 Octobri
2276 3371 2376 3413 Amf-

1348 3430 1484 3469 biano:
1508 3429 1539 3468 si
1565 3428 1693 3479 itaque
1710 3425 1811 3466 recte
1829 3425 2073 3464 ratiocinatus
2099 3423 2156 3468 sit,
2186 3422 2249 3460 sed
2274 3419 2376 3458 male

1348 3490 1521 3532 tempora
1537 3480 1734 3524 notaverit,
1755 3476 2035 3531 elegantissime
2048 3475 2284 3516 consentient
2295 3474 2378 3524 ejus

1350 3535 1627 3575 observationes
1653 3546 1744 3572 cum
1769 3531 2057 3571 accuratissimis
2084 3537 2214 3579 postea
2243 3526 2375 3586 sactis-3

1350 3590 1409 3627 sin
1427 3591 1525 3627 bene
1534 3595 1712 3636 tempora
1728 3584 1924 3629 notaverit,
1954 3583 2021 3622 sed
2038 3582 2138 3621 male
2156 3580 2271 3619 fuerit
2287 3585 2378 3638 rati-

1353 3643 1538 3687 ocinatus,
1558 3639 1758 3678 fatendum
1777 3639 1848 3676 erit
1865 3649 2030 3676 errorem
2048 3636 2195 3674 circiter
2213 3631 2294 3670 ·20“.
2316 3643 2378 3667 ln-

1352 3704 1410 3733 ter
1433 3695 1530 3734 duas
1553 3694 1637 3744 ejus
1659 3691 1937 3730 observationes
1957 3702 2037 3727 esse
2058 3683 2376 3730 distribuendum,

1352 3747 1539 3786 stantibus
1557 3745 1880 3784 observationibus
1907 3744 1961 3781 ill.
1985 3742 2033 3780 de
2059 3738 2302 3789 Maupertius
2318 3734 2376 3775 δ”.

1350 3808 1421 3841 aut
1435 3799 1492 3841 7‘'.
1508 3798 1683 3841 secundis
1700 3796 1859 3848 propius
1872 3795 2094 3836 accederent
2106 3792 2156 3832 ad
2172 3793 2239 3830 has
2253 3791 2378 3829 obser-
