2528 4172
628 257 943 310 FLUXUS
982 256 1082 309 AC
1124 257 1545 310 REFLUXUS
1585 254 1847 308 MARIS.
2208 261 2310 305 313

240 403 277 464 ᾗ.
319 404 403 451 92.
458 395 581 459 Quo
618 408 790 451 autem
827 407 934 449 tam
971 396 1036 447 de
1075 396 1155 447 his
1193 396 1552 465 phaenomenis
1591 393 1747 465 quam
1786 393 1994 463 reliquis
2034 392 2222 443 certius
2260 403 2313 443 et

167 484 379 537 solidius
409 486 645 554 judicare
684 504 946 554 queamus,
988 486 1159 553 ipsum
1196 496 1395 537 motum
1431 484 1835 555 progressivum,
1884 500 2037 552 quem
2075 500 2209 550 aqua
2245 483 2310 533 ab

166 583 296 626 aestu
322 575 519 642 recipit,
547 573 982 643 investigabimus.
1062 572 1199 626 Cum
1224 575 1362 625 enim
1387 593 1521 644 aqua
1548 573 1732 624 eodem
1757 573 1873 623 loco
1898 589 2038 622 nune
2065 571 2307 633 elevetur,

165 683 304 716 nunc
343 664 588 727 subsidat,
629 683 838 716 necesse
864 673 942 715 est
967 673 1025 715 ut
1061 665 1225 732 priori
1263 683 1383 717 casu
1410 683 1543 734 aqua
1569 662 1778 715 aliunde
1806 662 1995 725 affluat,
2035 661 2311 730 posteriori

164 754 287 807 vero
339 756 404 806 ab
454 755 638 807 eodem
687 755 805 805 loco
854 754 1062 818 defluat,
1116 755 1256 806 unde
1304 754 1515 811 nomina
1552 752 1728 806 fluxus
1764 770 1824 804 ac
1873 751 2101 804 refluxus
2151 750 2309 822 origi-

164 866 286 898 nem
310 856 596 897 traxerunt.
647 846 1010 913 Repraesentet
1028 846 1123 916 igi-

163 946 248 988 tur
308 946 539 1004 tempore
587 953 897 1005 quocunque
952 935 1120 1006 figura
1709 959 1745 1011 ’,Α

164 1025 216 1076 Α
250 1024 305 1075 D
347 1024 392 1076 B
433 1024 480 1075 E
536 1034 725 1081 statum
765 1043 913 1095 aquae
956 1034 1119 1076 totam

166 1110 387 1162 Terram
412 1110 701 1173 ambientis,
729 1110 799 1162 ita
823 1121 881 1162 ut
912 1111 966 1161 in
990 1110 1116 1161 locis

164 1200 215 1249 A
251 1208 301 1250 et
334 1198 380 1249 B
407 1218 540 1268 aqua
565 1198 787 1250 maxime
814 1200 878 1251 sit
903 1198 1114 1262 elevata,

161 1291 216 1342 in
251 1289 376 1343 locis
413 1288 537 1342 vero
574 1290 755 1342 mediis
793 1290 858 1341 ab
900 1290 946 1341 A
981 1299 1032 1341 et
1071 1288 1117 1340 B

164 1381 624 1450 aequidistantibus,
653 1380 877 1431 maxime
905 1379 1115 1447 depres-

165 1487 236 1519 sa.
317 1469 442 1520 Post
466 1467 675 1538 aliquod
708 1479 911 1537 tempus
949 1478 1116 1519 trans-

159 1556 353 1609 feratur
378 1568 532 1609 aestus
560 1576 789 1609 summus
815 1576 881 1609 ex
922 1558 971 1609 A
990 1567 1042 1609 et
1068 1557 1115 1610 B

161 1647 215 1697 in
242 1666 273 1699 a
298 1657 352 1699 et
380 1648 431 1710 b,
473 1647 637 1716 sitque
662 1667 692 1698 a
730 1648 785 1700 D
811 1648 846 1698 b
874 1647 921 1698 E
946 1647 1115 1718 figura

162 1757 312 1809 aquae
340 1739 559 1791 Terram
584 1739 975 1791 circumdantis:
1014 1739 1114 1790 hoc

162 1831 320 1902 igitur
352 1842 583 1900 tempore
620 1850 826 1882 necesse
864 1840 954 1894 est,
996 1841 1053 1882 ut
1085 1851 1116 1882 a

159 1928 307 1986 parte
333 1920 512 1970 oceani
538 1919 593 1971 D
614 1919 657 1970 F
676 1919 949 1970 defluxerit
967 1938 1116 1989 aquae
1194 1910 1202 1926 ζ’
1222 1932 1235 1943 ⁴

161 2009 311 2078 copia
351 2010 394 2061 F
421 2011 471 2061 A
499 2010 564 2063 M
590 2011 646 2062 D
672 2029 725 2061 m
750 2010 783 2072 f,
823 2011 877 2061 in
914 2020 1115 2079 partem

159 2096 284 2148 vero
328 2098 372 2148 F
381 2096 384 2099 ”
411 2097 458 2149 E
501 2098 806 2149 tantundem
850 2117 998 2168 aquae
1042 2097 1114 2149 af-

158 2187 382 2250 fluxerit,
405 2188 576 2255 portio
597 2189 788 2240 scilicet
811 2190 956 2240 FaN
970 2189 1050 2240 En
1063 2208 1111 2240 e:

159 2276 313 2328 simili
340 2277 497 2328 modo
531 2279 704 2345 portio
737 2278 783 2329 E
812 2278 865 2331 G
891 2278 1116 2348 decrevit

133 2439 135 2441 ι
159 2366 309 2435 copia
334 2384 482 2436 aquae
510 2366 557 2418 E
576 2367 620 2419 P
640 2367 685 2419 B
708 2367 761 2420 G
776 2387 812 2438 g
827 2386 877 2435 p,
907 2369 1183 2438 portioque
1200 2367 1264 2435 ,G
1281 2368 1337 2422 D
1357 2378 1694 2439 augmentum
1713 2370 1913 2440 accepit
1941 2370 1994 2422 G
2010 2371 2044 2422 b
2064 2370 2117 2431 Q
2133 2369 2188 2421 D
2207 2388 2241 2439 q
2256 2378 2306 2421 cl.

163 2458 219 2510 Si
255 2476 396 2510 nunc
432 2476 686 2527 ponamus
722 2460 1016 2527 portionem
1056 2460 1099 2512 F
1128 2459 1194 2512 M
1217 2478 1270 2511 m
1301 2460 1520 2512 transire
1550 2460 1605 2510 in
1635 2461 1806 2512 locum
1849 2462 1893 2513 F
1920 2461 1973 2513 N
1998 2480 2051 2524 n,
2093 2479 2152 2512 ac
2185 2479 2308 2528 por-

78 2614 83 2618 ·
159 2547 352 2599 tionem
392 2547 440 2599 E
468 2547 512 2598 P
536 2566 571 2616 p
608 2548 662 2599 in
702 2548 748 2599 E
777 2548 829 2599 N
854 2567 889 2598 n
928 2548 1133 2612 deferri,
1175 2549 1297 2601 satis
1333 2547 1471 2600 clare
1509 2559 1710 2601 motum
1735 2568 1885 2619 aquae
1922 2550 2309 2620 progressivum

158 2635 446 2707 intelligere
482 2636 671 2687 licebit.
751 2635 887 2688 Cum
913 2638 1050 2689 enim
1079 2647 1252 2690 motus
1279 2656 1428 2707 aquae
1456 2656 1672 2689 summae
1701 2638 1751 2689 A
1778 2637 1870 2689 fiat
1895 2639 1960 2689 ab
1988 2649 2106 2688 ortu
2140 2637 2194 2687 in
2220 2655 2307 2687 oc-

159 2742 353 2788 casum,
391 2744 525 2794 aqua
562 2744 679 2795 quae
716 2726 852 2777 circa
880 2727 928 2777 A
956 2726 1136 2779 versus
1163 2728 1415 2779 orientem
1443 2728 1637 2779 scilicet
1671 2728 1737 2779 ab
1777 2728 1842 2780 M
1868 2729 1934 2779 ad
1966 2729 2014 2779 N
2041 2747 2204 2797 usque
2230 2738 2308 2779 est

159 2813 269 2876 sita,
307 2814 362 2864 in
392 2831 632 2865 occasum
667 2815 992 2867 movebitur:
1036 2815 1372 2885 similiterque
1399 2834 1459 2866 ea
1485 2835 1602 2885 quae
1629 2815 1750 2867 huic
1776 2835 1804 2867 e
1831 2816 2083 2868 diametro
2110 2828 2186 2868 est
2211 2835 2306 2886 op-

156 2905 325 2973 posita
350 2915 401 2971 et
426 2906 649 2974 spatium
677 2906 721 2958 P
740 2907 794 2968 Q
820 2918 1053 2975 occupat.
1118 2906 1317 2960 Contra
1335 2907 1458 2966 vero
1484 2909 1684 2979 reliqua
1708 2929 1841 2980 aqua
1866 2910 1919 2960 in
1949 2910 2012 2962 M
2032 2910 2085 2971 Q
2111 2920 2161 2961 et
2189 2911 2242 2962 N
2260 2896 2319 2963 P¹

158 3006 402 3048 contenta
451 2997 507 3048 in
556 3007 728 3051 ortum
776 2988 1184 3068 promovebitur.
1285 2999 1484 3053 Verum
1533 3003 1765 3055 celeritas
1815 3004 2008 3073 ubique
2050 3023 2158 3056 non
2207 3005 2304 3057 erit

158 3086 370 3149 eadem3
408 3088 464 3140 in
487 3090 693 3157 punctis
720 3090 857 3141 enim
890 3091 970 3154 M,
1002 3091 1070 3154 N,
1102 3092 1146 3155 P
1173 3102 1223 3145 et
1251 3092 1305 3154 Q
1330 3093 1523 3162 quippe
1547 3094 1797 3149 limitibus
1834 3097 1967 3147 inter
1993 3107 2163 3148 motus
2189 3115 2304 3148 ver-

164 3174 249 3226 sus
277 3185 449 3227 ortum
486 3187 536 3229 et
574 3178 791 3241 obitum,
820 3179 1053 3232 celeritas
1074 3180 1171 3232 erit
1188 3181 1346 3244 nulla,
1370 3182 1558 3234 deinde
1584 3184 1650 3235 ab
1672 3184 1738 3236 M
1763 3203 1924 3254 usque
1952 3185 2018 3236 ad
2047 3186 2091 3237 F
2111 3197 2305 3238 crescet

157 3265 348 3336 ubique
372 3267 444 3319 ita
469 3278 527 3321 ut
550 3269 868 3323 incrementa
894 3271 1167 3323 celeritatis
1195 3273 1250 3324 in
1272 3275 1479 3341 punctis
1504 3275 1688 3327 mediis
1714 3285 1773 3328 ut
1799 3278 1850 3328 A
1870 3276 1973 3328 sint
1999 3276 2301 3329 differentiis

159 3355 206 3407 A
235 3355 264 3406 f
277 3359 718 3426 proportionalia:
759 3361 824 3412 ab
866 3362 910 3414 F
945 3361 1070 3414 vero
1096 3381 1258 3432 usque
1283 3364 1350 3416 ad
1377 3364 1430 3417 N
1456 3365 1688 3417 celeritas
1716 3365 2015 3418 decrescere
2042 3366 2210 3431 debet,
2252 3379 2303 3420 et

156 3446 542 3541 decggrnentum
578 3452 850 3506 celeritatis
875 3455 929 3505 in
956 3474 984 3506 e
1010 3456 1109 3507 erit
1133 3465 1191 3507 ut
1215 3475 1247 3507 a
1273 3475 1300 3507 e
1315 3476 1329 3518 3
1370 3457 1627 3527 similique
1663 3458 1823 3509 modo
1849 3469 2178 3526 comparatus
2205 3460 2303 3511 erit

157 3537 408 3591 motus'in
434 3541 641 3611 reliquis
666 3543 990 3610 portionibus
1016 3544 1199 3615 figurae
1223 3547 1522 3615 propositae.

229 3629 267 3691 §.
296 3633 382 3679 93.
425 3628 481 3680 Si
505 3628 619 3681 haec
643 3630 939 3701 diligentius
965 3651 1339 3703 prosequamur
1363 3653 1424 3687 ac
1449 3644 1699 3703 punctum
1733 3655 1764 3687 a
1798 3637 1897 3705 ipsi
1924 3639 1975 3690 A
1994 3639 2301 3707 ,proximum

85 3738 100 3754 ·
155 3731 428 3781 ponamus,
468 3719 784 3787 reperiemus
821 3722 877 3773 in
913 3722 1035 3782 loco
1062 3742 1374 3794 quocunque
1402 3726 1467 3777 M
1492 3726 1604 3778 fore
1641 3728 1969 3781 intervallum
1998 3730 2062 3781 M
2087 3747 2138 3782 m
2166 3729 2300 3780 sinui

96 3859 100 3862 ‚
158 3803 305 3873 dupli
330 3808 507 3878 anguli
536 3808 601 3861 M
624 3809 668 3860 C
691 3810 742 3877 A
766 3814 1170 3881 proportionale.
1246 3814 1425 3877 Quare
1451 3817 1493 3868 si
1521 3818 1697 3889 anguli
1723 3820 1774 3872 A
1804 3820 1850 3872 C
1878 3821 1949 3891 M·
1970 3821 2109 3873 sinus
2134 3838 2297 3888 pona·-
