2528 4172
327 228 394 273 30

324 365 533 404 ostendunt
551 366 821 416 experimenta.
865 368 976 406 Hinc
995 378 1079 418 post
1093 373 1362 422 transcriptum

324 419 398 456 hoc
433 419 560 468 ipsum
601 420 857 457 Corollarium
890 425 925 459 5.
933 449 944 467 ,
983 423 1112 461 subdit
1149 426 1362 464 Muschen-

324 472 464 510 broek:
501 478 526 497 ‘⁴
548 473 708 510 Utinam
734 474 930 511 memoriae
949 476 1099 522 prodita
1116 477 1276 516 fuissent
1297 494 1362 517 ex-

326 529 353 548 “
371 526 584 572 perimente.
611 539 657 563 ex
686 526 825 574 quibus
846 527 1061 565 Newtonus
1080 530 1162 567 haec
1182 532 1336 583 collegit
1348 549 1359 581 ;

327 581 352 601 “
370 578 529 616 forsitan
555 579 659 629 enim
682 579 738 615 vir
764 579 965 627 stupendae
985 582 1203 620 subtilitatis
1222 585 1262 621 in
1282 599 1362 623 ma-

327 636 353 655 “
372 631 586 669 thematicis
610 631 822 679 disciplinis
846 633 1071 671 methodum
1091 636 1236 674 invenit
1255 652 1362 686 sepa-

327 688 353 708 “
371 684 480 722 randi
499 684 742 721 attractiones
760 698 783 722 a
800 686 1079 733 repulsionibus
1093 702 1255 738 quarum
1277 704 1362 739 pro-

325 741 352 761 “
369 737 585 785 portionem
614 737 655 773 in
684 737 873 775 distantiae
897 740 1044 776 ratione
1077 742 1265 789 triplicata
1295 744 1361 783 de-

324 794 353 814 “
371 802 537 828 crescere
565 790 828 838 deprehendit,
856 791 920 828 sed
940 791 1031 841 quia
1051 794 1146 831 nihil
1165 795 1212 832 de
1232 796 1303 834 hac
1323 812 1363 836 re

326 847 354 867 “
372 842 532 880 ulterius
559 842 837 888 determinavit,
867 857 939 882 nec
963 846 1141 894 amplecti
1167 849 1249 898 ejus
1277 863 1363 887 sen-

326 900 352 920 1‘
370 896 530 934 tentiam
564 897 814 944 possumus.”
891 898 946 936 Ut
981 898 1246 949 intelligantur
1278 904 1361 942 haec

327 949 481 987 Clariss.
522 949 841 987 Muschenbrokii
884 953 1009 997 verba,
1056 952 1255 992 sciendum
1291 965 1360 1003 est,

322 1003 448 1039 virum
466 1002 731 1040 doctissimum
749 1004 828 1040 suis
846 1004 1114 1052 experimentis
1137 1006 1179 1043 in
1198 1021 1283 1046 eam
1302 1010 1361 1046 in-

322 1056 486 1093 ductum
503 1055 621 1093 fuisse
639 1056 909 1106 suspicionem,
925 1057 1028 1108 quod
1042 1058 1186 1097 scilicet
1203 1074 1362 1112 magnes

321 1115 512 1146 constaret
542 1109 714 1158 partibus
744 1109 856 1147 valde
884 1111 1157 1160 heterogeneis,
1196 1127 1361 1163 quarum

321 1161 501 1211 quaedam
519 1163 762 1209 attraherent,
783 1162 960 1212 quaedam
979 1163 1216 1213 repellerent,
1246 1167 1299 1206 ita
1317 1177 1361 1206 ut

320 1215 411 1252 duae
437 1215 515 1253 illae
541 1216 637 1253 vires
654 1215 837 1264 oppositae
856 1216 914 1252 vel
933 1216 1116 1265 simplicis
1134 1220 1362 1269 repulsionis

321 1269 383 1306 vel
419 1268 654 1307 attractionis
689 1268 974 1317 proportionem
1006 1271 1173 1309 turbent.
1236 1274 1361 1323 quue

321 1334 401 1359 non
437 1328 540 1359 caret
573 1321 918 1367 verisimilitudine,
964 1320 1055 1359 cum
1093 1325 1363 1372 experimentis

320 1374 643 1426 notissimum,sit‚
663 1382 862 1425 magnetes
881 1388 958 1412 non
978 1374 1106 1412 solum
1125 1390 1206 1414 sese
1224 1378 1364 1417 mutuo

320 1429 519 1473 attrahere,
540 1428 607 1466 sed
625 1429 740 1466 etiam
759 1428 941 1466 alterutro
959 1438 1140 1480 magnete
1155 1430 1195 1470 in
1210 1441 1361 1475 contra-

320 1482 419 1519 riam
444 1489 595 1530 partem
615 1494 810 1528 converso,
831 1494 956 1519 unum
976 1484 1023 1519 ab
1043 1483 1100 1520 al-

319 1542 403 1572 tero
420 1534 567 1583 repelli.
627 1535 800 1585 Uterque
819 1535 1009 1585 magnetis
1031 1549 1101 1585 po·

319 1588 382 1625 lus
399 1587 478 1625 vim
500 1587 748 1637 repellentem
774 1596 888 1638 atque
907 1590 1100 1626 attrahen-

319 1648 398 1678 tem
418 1639 528 1691 aque
556 1638 733 1687 ostendit,
754 1649 793 1679 et
811 1640 951 1679 idcirco
970 1654 1016 1679 ex
1036 1655 1100 1680 eo-

319 1693 409 1731 dem
446 1694 536 1743 polo
580 1694 637 1731 vis
672 1696 865 1732 attrahens
904 1702 942 1732 et
977 1695 1100 1743 repel-

319 1745 404 1785 lens
439 1754 603 1785 emanat.
670 1748 710 1785 Si
735 1747 847 1784 amici
874 1755 1100 1797 magnetum

318 1799 398 1850 poli
417 1800 490 1838 sibi
514 1802 771 1846 obvertantur,
801 1801 974 1838 attractio
1002 1813 1100 1849 prae-

316 1852 440 1903 pollet
456 1853 677 1902 repulsioni,
707 1853 738 1890 si
757 1867 778 1891 e
797 1852 930 1890 contra
954 1854 1100 1892 inimici

317 1905 399 1956 poli
418 1919 498 1944 sese
522 1906 688 1944 invicem
714 1906 928 1955 respiciant,
954 1919 1100 1955 praeva·

317 1960 372 1999 let
399 1960 578 2008 repulsio.
656 1960 920 2004 Quamobrem
948 1960 1015 2010 qui
1037 1973 1099 1997 so-

316 2013 397 2053 lam
432 2012 696 2051 attractionem
734 2013 816 2050 vult
845 2025 1097 2063 cognoscere;

317 2073 556 2116 perspectam
580 2067 719 2103 habere
743 2065 856 2103 debet
874 2066 1099 2104 eorumdem

316 2119 495 2170 polorum
506 2119 582 2156 vim
598 2119 840 2167 repulsivam,
857 2131 1018 2169 eamque
1032 2119 1100 2157 ad-

317 2172 408 2210 dere
431 2172 469 2209 vi
493 2172 697 2210 attrahenti
723 2171 984 2220 experimento
1009 2185 1099 2224 cog-

314 2226 420 2270 uitae,
465 2238 616 2263 summa
651 2225 835 2263 indicabit
869 2225 948 2263 vim
979 2233 1099 2264 totam

318 2280 585 2318 attrahentem.
639 2278 749 2316 Hinc
761 2279 890 2316 forsan
909 2278 992 2316 fieri
1011 2292 1098 2327 pos-

317 2340 376 2370 set
405 2339 450 2369 ut
479 2331 659 2380 separatis
690 2333 738 2369 ab
770 2332 934 2370 invicem
960 2339 1098 2369 attrac-

317 2385 434 2423 tionis
469 2384 774 2434 repulsionisque
819 2384 972 2430 viribus,
1019 2393 1197 2423 constans
1240 2397 1358 2435 quam

320 2439 537 2476 Newtonus
563 2436 813 2485 deprehendit
839 2437 939 2474 inter
965 2438 1208 2475 attractiones
1226 2446 1264 2475 et
1282 2438 1358 2475 dis-

318 2491 456 2529 tantias
489 2490 681 2538 proportio
705 2490 902 2527 obtineret.
965 2490 1022 2527 At
1057 2490 1147 2528 ver&
1183 2489 1274 2527 cum
1311 2503 1358 2527 ex

319 2544 453 2582 crassis
482 2543 808 2580 observationibus
834 2543 1021 2581 duntaxat
1051 2543 1091 2580 id
1118 2556 1158 2580 se
1186 2543 1361 2580 animad-

317 2598 477 2634 vertisse
524 2595 690 2633 fateatur
739 2596 967 2641 Newtonus,
1024 2608 1103 2632 non
1145 2594 1200 2633 ita
1246 2595 1362 2646 longe

311 2649 527 2701 quaerenda
546 2647 696 2686 videtur
714 2661 823 2686 mens
841 2651 959 2686 nostri
979 2648 1133 2686 autoris.

375 2706 396 2727 ⁸⁵
422 2703 513 2739 Vim
541 2702 798 2751 magneticam
817 2701 1032 2739 decrescere
1061 2702 1101 2738 in
1125 2711 1271 2739 ratlone
1289 2701 1355 2739 tri-

313 2754 461 2805 plicata
496 2755 777 2800 distantiarum,
825 2756 872 2792 ab
915 2754 1186 2802 experimentis
1225 2754 1358 2792 statuit

315 2809 552 2846 ‘Wisthonus
578 2807 615 2844 in
637 2807 793 2858 egregio
812 2808 1011 2856 opusculo,
1034 2810 1096 2845 De
1115 2806 1219 2846 Actis
1243 2809 1355 2856 Mag-

319 2865 451 2901 neticae
481 2863 737 2900 Inclinatione
754 2877 767 2899 .·
799 2860 879 2907 ipse
898 2868 1029 2898 autem
1052 2861 1357 2898 Muschenbroe-

309 2915 408 2952 kius
426 2915 467 2951 in
489 2914 614 2952 Temo
631 2913 763 2950 Primo
777 2913 961 2963 Physices
983 2914 1084 2959 Suae,
1101 2913 1289 2950 rationem
1300 2913 1359 2950 di-

320 2967 546 3004 minutionis
567 2967 622 3003 vis
646 2966 874 3016 magneticae
893 2979 973 3003 esse
991 2966 1070 3004 fere
1089 2966 1359 3016 quadruplica-

320 3029 399 3058 tam
419 3020 684 3058 distantiarum
705 3018 860 3057 deducit
878 3019 1194 3069 ingeniosissimis
1212 3019 1358 3066 experi-

308 3074 472 3120 mentis,
511 3073 654 3111 scilicet
689 3081 910 3122 magnetem
947 3084 1073 3109 unum
1109 3071 1218 3109 alteri
1257 3072 1357 3109 lanei

320 3126 479 3164 bilancis
507 3126 699 3175 appendit.
724 3125 959 3174 ponderibus
983 3124 1025 3161 in
1043 3122 1163 3162 altera
1182 3124 1290 3161 lance
1308 3123 1358 3162 ad

310 3179 577 3229 *aequilibrium
596 3177 875 3215 instituendum
894 3176 1091 3225 impositis,
1120 3184 1204 3214 tum
1223 3176 1353 3213 admo-

319 3240 383 3269 vet
409 3240 629 3281 magnetem
654 3233 725 3268 sub
750 3244 795 3269 eo
819 3230 885 3281 qui
913 3242 1122 3279 suspensus
1143 3238 1210 3275 est,
1232 3229 1284 3266 sic
1302 3229 1358 3267 vis

320 3285 555 3324 attractionis
569 3293 801 3334 ,magnetum
827 3282 1084 3334 aequilibrium
1112 3282 1223 3327 tollit,
1253 3282 1358 3332 quod

320 3337 477 3388 adjectis
507 3337 739 3386 ponderibus
768 3335 991 3381 restituitur,
1022 3343 1061 3373 et
1094 3334 1261 3383 pondera
1292 3334 1358 3372 illa

318 3390 495 3429 addenda
509 3389 610 3428 varia
627 3398 718 3427 sunt
737 3403 805 3438 pro
819 3387 922 3427 varia
936 3385 1117 3426 distantia
1130 3394 1357 3437 magnetum

319 3444 420 3482 inter
439 3455 490 3487 se,
511 3442 565 3479 ita
582 3450 628 3479 ut
645 3442 846 3480 videantur
864 3442 969 3492 sequi
986 3442 1174 3479 rationem
1190 3440 1357 3491 quadru-

318 3495 500 3543 plicatam
514 3496 700 3532 inversam
716 3495 825 3544 spatii
846 3495 955 3532 vacui
973 3494 1071 3531 inter
1087 3500 1284 3544 magnetes
1297 3492 1356 3529 in-

320 3548 489 3596 tercepti,
510 3547 615 3598 quod
634 3547 800 3596 spatium
818 3559 985 3586 vacuum
1003 3559 1083 3584 non
1102 3554 1158 3584 est
1177 3544 1356 3596 cylindri-

316 3613 411 3637 cum
430 3608 498 3639 aut
516 3600 790 3649 prismaticum,
805 3601 895 3649 quia
913 3607 1112 3651 magnetes
1123 3599 1261 3650 quibus
1270 3605 1357 3636 >ute-

308 3655 434 3691 vbatur
473 3653 533 3691 Cl.
577 3653 965 3696 Muschenbroekius',
1013 3661 1121 3691 erant
1155 3651 1355 3700 sphaerici3

320 3705 425 3744 unde
441 3707 525 3744 haec
543 3707 639 3743 ratio
658 3718 737 3744 non
756 3713 813 3743 est
830 3704 1007 3745 accurate
1024 3705 1121 3745 ratio
1134 3702 1357 3756 quadrupli-

314 3757 567 3799 cata‘inversa
585 3757 864 3797 distantiarum.

828 229 1391 287 PHILOSOPHIAE
1430 235 1882 295 NATURALIS
1938 245 2055 308 [DE
2079 245 2280 300 Mum).
2305 250 2460 303 SYs‘r.

1474 377 1568 416 Alia
1583 382 1728 418 ratione
1747 381 1831 418 haec
1846 383 2107 430 experimenta
2121 396 2283 434 possunt
2298 390 2458 437 institui,

1417 443 1556 479 nempe
1576 433 1852 471 considerando
1871 436 2060 473 actionem
2080 441 2269 488 magnetis
2286 442 2327 478 in
2346 456 2460 480 acum

1418 485 1686 543 magneticam,
1704 496 1891 534 quantum
1912 502 2051 537 nempe
2072 504 2138 537 pro
2153 493 2256 530 varia
2270 497 2460 545 magnetis

1418 535 1600 575 distantia
1636 553 1658 576 a
1678 541 1895 589 magnetico
1931 543 2144 581 meridiano
2180 558 2293 582 acum
2330 549 2457 585 detor-

1417 599 1542 638 queat,
1557 600 1671 640 atque
1683 591 1754 628 hac
1767 593 1924 638 ratione,
1938 597 2199 642 experimenta
2213 611 2235 634 a
2252 599 2458 639 Wisthono

1418 643 1592 680 instituta
1614 643 1731 681 fuisse
1759 646 1849 696 (nisi
1878 649 2060 685 memoria
2090 650 2207 699 fallit)
2234 660 2340 699 puto,
2370 666 2458 703 quae

1417 694 1516 732 forte
1536 697 1739 734 methodus
1758 711 1801 735 ea
1822 707 1878 735 est
1896 700 2010 737 etiarn
2031 702 2109 751 qua
2133 704 2346 742 Newtonus
2365 719 2459 744 usus

1417 747 1554 808 fuerat,
1588 758 1626 786 et
1655 763 1745 787 sane
1775 752 1955 789 omnibus
1983 758 2100 801 probe
2126 757 2264 793 notatis
2293 771 2380 807 quae
2408 760 2459 797 ad

1418 809 1710 860 aestimationem
1726 803 1864 841 virium
1884 806 2144 854 requiruntur,
2164 810 2216 845 vis
2231 812 2458 860 magneticae

1418 853 1716 892 diminutionem
1753 857 1965 894 secundum
2004 860 2232 908 triplicatam
2269 864 2458 902 rationem

1416 907 1619 954 procedere
1634 910 1903 956 experimentis
1917 912 2035 960 quam
2048 915 2330 952 accuratissime
2350 918 2459 964 potui

1415 960 1600 998 institutis
1625 961 1870 1009 deprehendi,
1897 977 1984 1013 quae
2009 965 2166 1014 quidem
2195 970 2458 1016 experimenta

1418 1011 1528 1063 (cum
1558 1026 1637 1050 non
1666 1014 1742 1051 sint
1771 1014 1822 1051 ad
1853 1028 2013 1054 manum
2041 1031 2086 1056 ea
2113 1033 2200 1068 quae
2228 1021 2458 1059 Wisthonus

1417 1064 1488 1102 hac
1507 1065 1555 1102 de
1573 1078 1613 1102 re
1632 1066 1805 1116 tradidit)
1835 1069 1975 1106 referre
1994 1072 2111 1108 nostri
2133 1081 2227 1120 puto
2247 1087 2327 1111 esse
2346 1075 2456 1112 insti-

1416 1118 1503 1155 tuti.

1471 1171 1529 1208 Sit
1565 1184 1657 1221 ergo
1699 1174 1733 1209 A
1769 1174 1801 1211 C
1838 1175 1886 1215 B,
1925 1176 2161 1215 meridianus
2200 1181 2454 1230 magneficus,

1417 1223 1459 1260 N
1481 1224 1513 1261 C
1546 1225 1572 1261 S
1609 1238 1699 1261 acus
1735 1227 1951 1276 magnetica
1987 1230 2136 1267 actione
2168 1234 2358 1281 magnetis
2393 1235 2454 1278 Μ,

1413 1284 1520 1314 extra
1555 1277 1811 1315 meridianum
1855 1283 2115 1329 magneticam
2161 1291 2291 1330 tracta,
2335 1286 2459 1336 sitque

1417 1328 1519 1369 linea
1548 1331 1578 1368 C
1601 1331 1648 1369 M
1677 1344 1699 1367 a
1727 1340 1857 1369 centro
1886 1345 1977 1369 acus
1996 1335 2044 1371 ad
2064 1344 2241 1373 centrum
2268 1342 2459 1388 magnetis

1417 1381 1534 1420 ducta
1561 1383 1774 1420 meridiano
1802 1388 2020 1433 magnerico
2048 1389 2385 1437 perpendicularis,
2419 1401 2458 1430 et

1417 1436 1545 1478 statim
1583 1446 1822 1490 supponatur
1859 1438 2078 1478 distantiam
2119 1442 2150 1479 C
2188 1443 2235 1480 M
2272 1456 2296 1481 a
2327 1452 2459 1483 centro

1411 2395 1504 2420 acus
1539 2382 1589 2421 ad
1626 2391 1802 2422 centrum
1834 2386 2024 2443 magnetis
2060 2379 2140 2425 esse
2176 2387 2331 2438 physice
2367 2388 2455 2426 infi-

1412 2445 1546 2474 uitam.

1468 2489 1540 2526 Vis
1569 2489 1787 2540 magnetica
1822 2491 1952 2528 Terrae
1988 2493 2144 2529 retrahit
2175 2506 2289 2531 acum
2318 2508 2341 2532 a
2377 2495 2455 2533 situ

1419 2542 1446 2579 S
1469 2542 1501 2579 C
1524 2543 1564 2579 N
1583 2543 1632 2579 ad
1655 2544 1689 2580 B
1711 2543 1742 2580 C
1759 2545 1808 2586 A,
1831 2544 1898 2581 sed
1915 2545 2007 2593 quia
2025 2545 2082 2582 illi
2101 2546 2191 2583 situi
2211 2555 2267 2583 est
2284 2547 2450 2597 obliqua,

1414 2595 1638 2632 resolvenda
1657 2603 1714 2632 est
1733 2596 1771 2631 in
1792 2595 1887 2632 duas
1906 2599 2014 2643 vires,
2036 2611 2155 2635 unam
2175 2599 2286 2636 lineae
2308 2601 2335 2637 S
2357 2601 2388 2638 C
2412 2601 2453 2638 N

1415 2648 1783 2696 perpendicularem,
1813 2648 1970 2686 alteram
1998 2651 2069 2699 ipsi
2095 2651 2340 2698 parallelam3
2370 2653 2454 2691 haec

1411 2701 1551 2737 frustra
1571 2702 1652 2750 agit
1670 2701 1865 2738 obnitente
1883 2710 2014 2739 centro
2033 2704 2077 2748 C,
2093 2704 2160 2741 illa
2178 2703 2268 2742 ver&
2285 2706 2451 2755 gyratio-

1411 2765 1500 2790 nem
1525 2753 1616 2791 acfis
1642 2754 1770 2798 efficit,
1792 2754 1920 2803 itaque
1952 2756 1983 2792 si
2015 2756 2056 2792 in
2084 2764 2228 2804 puncto
2255 2758 2387 2806 quovis
2415 2771 2449 2804 c,

1411 2819 1434 2843 a
1452 2819 1473 2843 c
1502 2815 1743 2854 repraesentet
1772 2807 1850 2842 vim
1875 2809 2131 2858 magneticam
2151 2817 2283 2856 totam,
2304 2824 2326 2847 a
2339 2823 2370 2848 n
2389 2823 2449 2848 re-

1412 2860 1656 2907 praesentabit
1680 2859 1757 2895 vim
1783 2857 1861 2908 qua
1885 2863 2118 2899 convertitur
2136 2875 2237 2905 acus
2258 2875 2344 2911 quae
2362 2863 2450 2901 ideo

1413 2920 1470 2948 est
1493 2911 1541 2948 ad
1563 2911 1642 2948 vim
1670 2912 1925 2961 magneticam
1951 2921 2069 2950 totam
2097 2914 2137 2951 in
2164 2927 2210 2952 eo
2237 2923 2381 2963 puncto
2405 2924 2449 2954 ut

1414 2965 1521 3001 sinus
1539 2964 1672 3014 anguli
1692 2978 1714 3001 a
1733 2976 1753 3001 c
1772 2977 1797 3000 n
1819 2965 2102 3015 (declinationis
2120 2980 2211 3004 acus
2230 2980 2252 3004 a
2269 2968 2447 3006 meridia-

1413 3029 1465 3053 no
1492 3016 1725 3066 magnetico)
1755 3016 1804 3053 ad
1833 3018 2004 3063 radium;
2035 3019 2074 3055 in
2100 3020 2277 3056 omnibus
2297 3022 2449 3068 punctis

1417 3071 1448 3107 C
1470 3070 1511 3107 N
1539 3070 1616 3106 vim
1644 3069 1830 3119 aequalem
1850 3072 2013 3108 exerceri
2036 3073 2200 3119 supponi
2219 3080 2353 3120 potest,
2381 3075 2448 3113 sed.

1411 3122 1452 3159 in
1475 3130 1580 3170 parte
1609 3122 1640 3160 C
1664 3123 1690 3159 S
1718 3122 1774 3157 vis
1792 3134 1837 3159 ea
1853 3122 2044 3170 repulsive
2061 3124 2150 3173 agit,
2171 3123 2335 3175 idedque
2354 3139 2446 3164 con-

1411 3175 1526 3212 sentit
1543 3187 1634 3212 eum
1654 3175 1687 3211 vi
1707 3186 1794 3224 quae
1813 3176 1998 3213 convertit
2015 3185 2160 3224 partem
2184 3178 2217 3215 C
2234 3179 2287 3223 N,
2307 3187 2347 3217 et
2363 3180 2447 3230 ejus

1411 3228 1619 3264 efficaciam
1639 3227 1832 3277 geminat:
1856 3236 1992 3265 notum
2011 3237 2067 3266 est
2081 3228 2171 3268 ver&
2182 3231 2286 3280 quod
2305 3232 2336 3268 si
2349 3234 2447 3270 vires

1411 3280 1576 3329 aequales
1593 3280 1633 3316 in
1652 3281 1831 3317 omnibus
1849 3281 1999 3328 punctis
2014 3282 2046 3320 C
2062 3282 2100 3318 N
2119 3291 2237 3332 agant
2250 3285 2446 3333 aequaliter

1411 3340 1450 3370 et
1475 3332 1839 3381 nerpendiculariter
1864 3341 1910 3370 ut
1936 3346 2020 3371 eam
2046 3334 2187 3371 lineam
2207 3345 2441 3382 convertant,

1409 3398 1541 3423 earum
1561 3385 1735 3422 omnium
1754 3386 1921 3423 efficacia
1939 3386 2071 3423 eadem
2092 3388 2162 3426 erit
2180 3401 2224 3426 ac
2243 3389 2273 3425 si
2291 3384 2444 3428 summa

1411 3437 1586 3475 omnium
1601 3437 1737 3475 virium
1751 3438 2110 3486 perpendiculariter
2126 3450 2255 3491 ageret
2265 3442 2305 3478 in
2320 3455 2442 3490 punc-

1410 3498 1451 3528 to
1481 3490 1516 3528 P
1543 3490 1694 3528 duabus
1711 3491 1830 3528 tertiis
1848 3491 2019 3539 partibus
2037 3506 2129 3530 acus
2150 3495 2182 3532 C
2206 3495 2244 3531 N
2272 3507 2295 3531 a
2312 3503 2443 3533 centro

1414 3543 1447 3581 C
1466 3551 1636 3581 remoto:
1669 3544 1733 3581 hic
1760 3556 1853 3593 ergo
1880 3544 2038 3583 collecta
2056 3547 2200 3584 censeri
2220 3554 2340 3595 potest
2361 3554 2442 3585 tota

1410 3596 1466 3633 vis
1483 3595 1698 3645 magnetica
1716 3604 1939 3635 convertens
1958 3606 2103 3646 partem
2126 3600 2158 3637 C
2180 3600 2232 3644 N,
2251 3607 2289 3636 et
2307 3600 2444 3638 eodem

1411 3648 1609 3686 ratiocinio
1637 3648 1907 3697 viserepulsiva
1933 3660 2157 3689 convertens
2177 3658 2323 3699 partem
2345 3653 2377 3690 C
2400 3654 2440 3697 S,

1411 3702 1453 3739 in
1470 3710 1615 3751 puncto
1642 3714 1680 3750 p,
1709 3702 1860 3739 duabus
1887 3703 2008 3740 tertiis
2025 3702 2134 3742 arcus
2155 3704 2188 3742 C
2210 3704 2237 3742 S
2262 3717 2286 3742 a
2311 3715 2443 3743 centro

1398 3755 1447 3794 ‘C
1479 3761 1638 3801 remoto,
1669 3754 1829 3793 collecta
1855 3757 2000 3796 censeri
2014 3780 2018 3784 ι
2032 3763 2181 3806 potest;
2222 3765 2262 3795 et
2290 3768 2445 3808 propter
