2528 4172
148 258 281 311 CAP.
310 257 382 324 L]
769 257 879 310 AD
918 256 1290 310 TERTIUM
1328 258 1659 313 LIBRUM.
2183 263 2288 316 xvii

146 404 216 456 ad
252 412 442 466 ortum,
482 402 544 455 ut‘
574 402 864 455 inveniatur
901 421 1051 455 arcus
1089 403 1365 474 aequatoris
1393 404 1515 456 dato
1541 414 1775 474 tempore
1802 405 1957 456 solari
1980 405 2156 457 medio
2193 405 2291 457 sub

140 494 429 546 meridiano
453 494 723 556 transienS,
751 493 954 545 dicatur
978 504 1038 546 ut
1062 501 1130 546 24
1158 495 1304 546 horae
1331 495 1524 547 solares
1551 497 1618 547 ad
1644 497 1824 548 datum
1861 506 2066 566 tempus
2105 497 2289 559 solare,

141 584 214 638 ita
255 572 403 639 3600-
429 586 515 639 59'
554 586 618 638 8'‘
663 585 780 638 20⁰l
836 585 904 637 ad
942 604 1120 637 arcum
1158 587 1448 657 quaesitum.
1531 587 1637 640 His
1674 588 1833 659 igitur
1865 588 2291 657 proportionibus

140 685 347 745 tempus
384 675 551 727 solare
587 675 819 727 medium
843 675 927 727 vel
955 684 1161 744 tempus
1189 675 1459 728 sidereum·
1475 677 1794 728 convertitur
1817 677 1871 728 in
1896 676 2089 748 gradus
2116 697 2292 747 aequa-

141 768 268 820 toris
295 776 346 819 et
371 763 566 818 contra.
633 765 806 818 Facile
832 776 1003 819 autem
1028 777 1170 836 patet
1195 786 1262 820 ex
1287 768 1437 820 dictis
1458 768 1598 820 diem
1618 769 1842 822 solarem
1866 770 2097 823 medium
2116 789 2292 841 aequa-

140 857 246 910 lem
269 875 381 909 esse
407 862 474 907 24
500 854 643 906 horis
670 855 881 907 sidereis
909 874 1027 907 cum
1056 857 1105 909 3'
1131 857 1226 911 56'‘
1257 858 1385 909 32'“.

217 953 300 1003 17.
342 947 400 1003 Si
435 946 739 998 observetur
776 945 995 998 altitudo
1030 947 1319 1000 meridiana
1347 947 1483 999 Solis
1512 956 1563 998 et
1589 946 1712 998 dato
1738 957 1858 998 ante
1883 947 1965 999 vel
1990 957 2111 1017 post
2134 948 2291 999 meri-

142 1037 282 1110 diem
316 1045 551 1104 tempore
590 1036 893 1087 observetur
931 1036 1087 1087 etiam
1113 1037 1332 1088 altitudo
1357 1037 1645 1089 meridiana
1671 1037 1832 1089 stellae
1858 1038 2089 1108 alicujus,
2130 1038 2291 1089 stellae

140 1125 294 1196 hujus
334 1125 597 1176 dabuntur
635 1125 913 1176 declinatio
952 1136 1004 1177 et
1046 1126 1278 1177 ascensio
1321 1136 1477 1177 recta.
1557 1126 1697 1177 Nam
1737 1145 1805 1178 ex
1848 1126 1968 1178 data
2015 1127 2290 1180 altitudine

140 1212 425 1267 meridiana
466 1212 599 1266 Solis
637 1212 791 1263 datur
827 1213 935 1282 ejus
974 1216 1207 1265 ascensio
1247 1225 1389 1265 recta
1432 1216 1546 1283 (14)
1594 1227 1646 1267 et
1688 1227 1925 1285 tempore
1969 1217 2110 1287 quod
2153 1218 2290 1269 inter

142 1305 271 1357 duas
309 1303 693 1357 observationes
729 1302 1003 1354 intercedit
1041 1303 1096 1353 in
1139 1322 1319 1355 arcum
1364 1306 1639 1374 aequatoris
1681 1323 1932 1357 converso
1977 1307 2091 1375 (16)
2137 1307 2292 1359 datur

143 1416 292 1449 arcus
318 1395 591 1467 aequatoris
619 1393 707 1464 qui
732 1403 967 1463 tempore
991 1394 1126 1445 inter
1152 1394 1280 1445 duas
1307 1395 1693 1447 observationes
1720 1396 1897 1465 elapso
1921 1415 2017 1465 per
2049 1398 2292 1449 meridia-

140 1507 270 1541 num
306 1489 516 1549 transit3
554 1486 640 1538 hic
677 1505 825 1537 arcus
859 1485 1082 1537 addatur
1105 1485 1188 1537 vel
1215 1485 1535 1537 subducatur
1560 1488 1848 1538 ascensioni
1873 1498 2031 1539 rectae
2060 1489 2210 1552 Solis,
2241 1500 2294 1541 et

143 1597 345 1632 summa
368 1577 450 1629 vel
475 1576 763 1628 differentia
788 1575 886 1626 erit
910 1575 1144 1626 ascensio
1170 1584 1314 1626 recta
1346 1575 1527 1628 stellae.
1604 1576 1903 1632 Declinatio
1929 1587 2104 1630 autem
2129 1579 2292 1631 stellae

144 1690 211 1723 ex
235 1669 345 1739 ipsa
371 1668 639 1721 altitudine
665 1668 773 1737 ejus
800 1665 1084 1718 meridiana
1111 1667 1310 1718 eruitur
1338 1669 1472 1735 (14).
1553 1667 1715 1728 Quod
1741 1668 1784 1719 si
1811 1678 2049 1721 centrum
2078 1670 2214 1722 Solis
2241 1680 2293 1722 et

143 1770 379 1811 centrum
423 1758 584 1810 stellae
625 1757 682 1809 in
730 1756 1018 1809 meridiano
1068 1755 1224 1808 simul
1272 1757 1618 1825 reperiantur,
1670 1757 1854 1810 eadem
1898 1769 1977 1811 est
2024 1760 2293 1830 utriusque

143 1849 373 1901 ascensio
399 1846 559 1900 recta.

219 1944 300 1990 18.
340 1937 491 1990 Datis
530 1936 873 2008 declinatione
910 1946 962 1989 et
999 1935 1308 1989 ascensione·
1339 1935 1481 1988 recta
1515 1937 1696 2002 stellae,
1725 1937 1915 1991 dantur
1938 1939 2099 2009 ipsius
2124 1940 2292 2011 longi-

142 2025 269 2077 tudo
307 2036 359 2078 et
394 2026 628 2079 latitudo,
706 2027 872 2097 Sunto
910 2026 984 2078 AE
1020 2026 1075 2088 Q
1116 2035 1367 2097 aequator,
1410 2024 1458 2080 E
1486 2027 1535 2081 L
1559 2028 1811 2099 ecliptica,
1843 2030 1888 2082 P
1913 2030 2064 2100 polus
2089 2031 2289 2097 mundi,

145 2116 211 2168 M
234 2117 384 2186 polus
406 2117 670 2186 eclipticae,
703 2118 740 2170 S
767 2118 931 2180 stella,
975 2118 1019 2169 P
1044 2119 1081 2170 S
1101 2117 1157 2169 D

141 2206 399 2276 quadrans
450 2207 629 2258 circuli
678 2205 1051 2272 declinationis,
1103 2216 1156 2259 et

142 2294 206 2346 M
228 2295 265 2348 S
288 2296 357 2359 K,
377 2295 637 2367 quadrans
655 2297 833 2348 circuli
851 2297 1153 2348 latitudinis.

140 2385 463 2448 Quaemntur
479 2408 627 2441 arcus
646 2399 696 2437 ‘Y’
715 2390 792 2441 vel
814 2402 868 2432 Δ
888 2390 942 2441 Κ
959 2399 1010 2442 et
1029 2389 1082 2441 K
1101 2390 1153 2441 S.

140 2475 207 2528 In
249 2479 511 2551 triangulo
554 2480 599 2531 P
641 2479 678 2531 S
721 2479 786 2532 M
827 2480 980 2532 datur
1018 2480 1153 2532 latus

140 2566 186 2619 P
214 2567 279 2620 M
305 2588 395 2621 seu
422 2569 665 2622 distantia
688 2570 931 2639 polorum
956 2570 1001 2622 P
1016 2579 1068 2621 et
1090 2570 1155 2622 M

141 2661 238 2709 230
280 2661 380 2721 29¹,
423 2658 577 2711 datur
613 2678 819 2729 quoque
856 2659 991 2713 latus
1032 2659 1077 2711 P
1117 2660 1154 2712 S

138 2746 494 2800 declinationis
541 2750 579 2802 S
618 2749 678 2802 D
716 2749 1154 2819 complementum

137 2847 189 2889 et
225 2838 444 2909 angulus
483 2838 551 2891 M
593 2839 638 2891 P
681 2840 718 2892 S
759 2859 850 2891 seu
888 2840 962 2892 AE
999 2842 1044 2893 P
1078 2841 1151 2904 D,

139 2929 282 2998 cujus
299 2947 544 2981 mensura
563 2939 640 2982 est
659 2949 809 2983 arcus
831 2930 904 2982 AE
925 2932 981 2984 D
1002 2932 1152 2985 datus

138 3016 206 3068 ob
246 3016 392 3069 datos
429 3037 525 3087 per
561 3020 919 3072 ascensionem
956 3031 1153 3074 rectam
1213 3060 1220 3065 -

139 3122 316 3158 arcum
341 3116 391 3155 ‘v'
432 3107 489 3161 D
514 3108 597 3160 vel
621 3121 675 3152 Δ
710 3109 766 3161 D
804 3119 856 3162 et
893 3110 1151 3180 quadran-

139 3201 243 3246 tem
292 3196 366 3249 AE
425 3207 496 3250 φ.
609 3198 788 3262 Quare
852 3205 969 3271 (per
1029 3204 1149 3274 trig.

141 3281 352 3353 sphaer.)
392 3287 653 3341 invenitur
689 3288 825 3342 latus
865 3291 932 3344 M
972 3294 1009 3345 S
1046 3293 1334 3348 latitudinis
1367 3298 1405 3351 S
1442 3298 1495 3350 K
1528 3301 1965 3369 complementum
1990 3311 2043 3354 et
2067 3303 2287 3374 angulus

143 3372 225 3436 M,
265 3377 407 3445 cujus
444 3397 687 3433 mensura
724 3392 802 3434 est
839 3402 989 3435 arcus
1030 3384 1083 3435 K
1123 3385 1201 3449 L;
1244 3407 1311 3438 ex
1350 3389 1528 3441 circuli
1566 3391 1851 3460 quadrante
1877 3401 1928 3439 ‘v'
1967 3392 2016 3443 L
2045 3393 2127 3444 vel
2156 3406 2210 3436 st
2240 3393 2288 3445 L

142 3462 455 3517 subducatur
484 3469 536 3520 K
563 3470 628 3532 L,
665 3479 717 3522 et
753 3471 964 3524 dabitur
990 3483 1041 3521 ‘V'
1074 3473 1128 3526 K
1162 3474 1436 3547 longitudo
1463 3478 1624 3529 stellae
1652 3479 1705 3531 S.
1785 3480 1931 3532 Hinc
1958 3481 2111 3533 etiam
2140 3480 2289 3534 facile

140 3561 284 3621 patet
308 3556 569 3622 quomodo
595 3558 729 3610 datis
755 3561 1087 3632 longitudine
1116 3573 1167 3611 ‘Y‘
1203 3564 1256 3615 K
1288 3575 1339 3617 et
1363 3566 1636 3618 latitudine
1665 3567 1718 3619 K
1747 3569 1785 3620 S
1810 3570 1971 3622 stellae
1999 3572 2037 3623 S
2069 3572 2289 3629 inveniri

142 3644 308 3711 possit
332 3646 492 3714 ipsius
519 3653 752 3703 ascensio
777 3663 920 3705 recta
944 3665 997 3706 et
1022 3654 1317 3707 declinatio.
1395 3656 1533 3708 Nam
1563 3658 1686 3710 dato
1711 3668 1763 3706 ‘Y'
1795 3659 1848 3711 K
1873 3661 2028 3712 datur
2056 3661 2109 3713 K
2137 3662 2201 3725 L,
2237 3672 2290 3714 et

141 3728 268 3783 'inde
304 3733 457 3786 datur
495 3738 714 3808 angulus
755 3742 792 3794 S
833 3741 898 3795 M
937 3742 1000 3807 P,
1039 3754 1092 3797 et
1129 3743 1253 3796 dato
1280 3746 1317 3798 S
1346 3745 1416 3809 Κ,
1445 3746 1597 3799 datur
1625 3748 1663 3801 S
1691 3748 1772 3813 M,
1802 3748 1939 3802 unde
1965 3748 2084 3803 cum
2110 3750 2288 3804 datum

215 3821 315 3863 Vm..
339 3824 428 3864 III.
1178 3840 1216 3879 Β
