2528 4172
612 246 928 299 FLUXUS
968 246 1067 297 AC
1115 245 1537 298 REFLUXUS
1579 243 1840 296 MARIS.
2195 253 2295 297 3533

151 394 208 443 in
242 393 485 443 fluxubus
524 392 661 443 circa
697 390 929 461 syzygias
968 389 1121 459 quam
1148 390 1521 459 quadraturas:
1562 390 1615 439 in
1653 388 1979 458 quadraturis
2004 387 2142 438 enim
2168 407 2296 457 quo-

152 483 307 542 niam,
348 480 474 531 dum
510 479 664 530 Luna
699 497 793 547 per
828 478 1174 529 meridianum
1211 478 1411 541 transit,
1453 477 1540 530 Sol
1569 495 1676 528 non
1703 494 1906 545 semper
1943 476 1997 527 in
2026 476 2294 529 horizonte

150 580 395 631 versatur,
438 568 529 619 sed
566 567 648 619 vel
684 557 1105 618 adhorizontem
1146 566 1356 617 demum
1397 566 1596 618 accedit
1631 566 1712 617 vel
1739 567 1849 635 jam
1886 566 1951 616 ab
1986 584 2048 617 eo
2078 566 2288 629 recedit,

147 678 354 711 necesse
392 668 469 709 est
504 667 562 709 ut
597 657 687 707 illo
723 675 843 708 casu
880 657 1051 707 fluxus
1091 656 1255 719 citius,
1294 657 1395 708 hoc
1431 656 1554 708 vero
1588 654 1786 707 tardius
1813 656 2109 727 contingat:
2150 657 2291 726 quod

146 749 423 801 discrimen
445 746 563 799 cum
587 747 776 816 partim
796 747 861 797 ab
882 747 1166 799 elevatione
1191 748 1314 816 poli,
1336 748 1525 816 partim
1544 768 1575 799 a
1591 748 1933 800 declinatione
1959 748 2288 800 luminarium

142 844 383 914 pendeat,
411 854 673 895 momenta
698 843 935 893 fluxuum
961 843 1014 892 in
1041 842 1367 912 quadraturis
1393 842 1559 912 magis
1585 842 1889 913 irregularia
1915 841 2113 893 reddit:
2155 843 2286 893 inte-

140 935 241 986 rim
280 945 454 986 tamen
491 934 665 985 habita
706 933 892 984 harum
934 933 1432 984 circumstantiarum
1476 934 1675 985 ratione
1716 934 1836 984 satis
1875 932 2040 1002 prope
2081 933 2287 984 definiri

138 1036 324 1094 potest.
403 1025 556 1076 Circa
591 1035 827 1093 tempora
861 1025 1098 1075 fluxuum
1136 1035 1324 1087 autem,
1362 1025 1450 1093 qui
1487 1025 1542 1074 in
1578 1024 1855 1076 noviluniis
1893 1043 1953 1075 ac
1990 1024 2285 1093 pleniluniis

124 1107 387 1183 incidunt,
414 1113 529 1164 haec
557 1113 666 1164 sola
691 1113 941 1164 correctio
967 1131 1056 1164 seu
1083 1112 1317 1164 reductio
1343 1113 1409 1163 ad
1434 1113 1705 1164 transitum
1734 1113 1901 1164 Lunae
1925 1131 2019 1181 per
2044 1112 2284 1163 meridia-

136 1222 264 1255 num
301 1222 509 1254 omnem
544 1202 651 1255 fere
683 1203 992 1254 anomaliam
1018 1203 1166 1266 tollit,
1207 1222 1456 1274 quorsum
1482 1214 1679 1272 spectat
1703 1204 1884 1276 regula
1910 1224 1938 1255 a
1967 1204 2124 1256 celeb.
2156 1204 2282 1255 Cas-

133 1295 246 1346 sino
283 1295 336 1344 in
377 1294 541 1345 Mem.
573 1299 729 1348 1710.
770 1293 972 1356 tradita,
1014 1292 1113 1363 qua
1151 1312 1248 1362 pro
1274 1294 1490 1346 totidem
1514 1294 1675 1357 horis,
1714 1295 1900 1364 quibus
1938 1294 2282 1363 plenilunium

136 1402 226 1434 seu
250 1382 573 1433 novilunium
597 1381 678 1434 vel
706 1393 824 1433 ante
849 1381 1117 1434 meridiem
1143 1382 1224 1433 vel
1248 1393 1368 1451 post
1392 1382 1587 1446 incidit,
1616 1383 1832 1435 totidem
1857 1383 1980 1435 bina
1999 1384 2196 1435 minuta
2215 1385 2280 1435 ad

137 1488 339 1545 tempus
366 1474 538 1526 fluxus
564 1474 794 1525 medium
820 1474 901 1525 vel
927 1473 1118 1525 addere
1143 1474 1224 1524 vel
1250 1474 1315 1525 ab
1341 1493 1403 1524 eo
1430 1472 1734 1526 subtrahere
1752 1475 1917 1544 jubet,
1948 1476 2139 1544 quippe
2165 1494 2281 1545 quae

131 1584 200 1617 ex
226 1575 373 1616 motu
398 1565 567 1616 Lunae
594 1575 671 1616 est
693 1565 870 1633 petita.
950 1564 1168 1615 Interim
1183 1573 1356 1615 tamen
1381 1564 1478 1616 hac
1506 1566 1825 1617 correctione
1851 1565 2082 1618 adhibita
2108 1567 2279 1636 aliqua

133 1655 388 1707 anomalia
425 1674 693 1724 superesse
729 1654 1149 1723 deprehenditur,
1191 1656 1334 1723 cujus
1376 1665 1548 1706 autem
1589 1657 1721 1707 ratio
1764 1674 1829 1707 ex
1865 1656 2042 1707 nostra
2080 1656 2278 1707 theoria

130 1755 313 1811 sponte
352 1743 597 1813 sequitur.
676 1742 904 1803 Quando
942 1742 1081 1794 enim
1117 1743 1325 1812 syzygia
1359 1753 1477 1794 ante
1514 1743 1785 1794 meridiem
1819 1743 2124 1806 celebratur,
2166 1758 2276 1795 tum

129 1832 255 1882 (lum
293 1831 446 1882 Luna
481 1849 577 1899 per
613 1830 956 1881 meridianum
994 1830 1192 1892 transit,
1236 1830 1326 1882 Sol
1356 1831 1466 1900 jam
1504 1842 1621 1882 ante
1648 1849 1766 1882 eum
1793 1842 1870 1883 est
1900 1833 2272 1902 transgressus,

81 1928 90 1937 ‘
128 1932 284 1989 atque
326 1920 444 1971 ideo
481 1921 590 1988 jam
631 1918 889 1971 horizonti
932 1919 1328 1988 appropinquat,
1375 1938 1440 1970 ex
1484 1938 1588 1989 quo
1632 1938 1841 1971 necesse
1885 1931 1962 1971 est
2001 1931 2058 1971 ut
2102 1920 2276 1971 fluxus

127 2008 278 2061 citius
320 2009 536 2073 eveniat,
581 2007 735 2079 quam
773 2009 942 2077 prima
980 2008 1161 2080 regula
1201 2009 1310 2060 sola
1350 2008 1581 2061 adhibita
1621 2009 1829 2061 indicat.
1908 2010 2084 2079 Atque
2122 2009 2277 2060 etiam

129 2099 268 2151 idem
308 2100 361 2150 in
398 2099 584 2151 tabulis
622 2100 859 2150 fluxuum
895 2100 1240 2170 Dunkerquae
1279 2110 1330 2151 et
1366 2099 1421 2150 in
1449 2100 1613 2152 Portu
1641 2100 1839 2153 Gratiae
1865 2101 2273 2164 observatorum,

129 2189 295 2242 Mem.
342 2196 494 2244 1710.
537 2188 756 2252 insertis,
804 2188 1075 2242 manifesto
1121 2190 1468 2259 conspicitur:
1523 2191 1732 2261 quando
1772 2191 1911 2242 enim
1953 2191 2274 2243 novilunium

125 2280 533 2349 pleniluniumve
570 2280 806 2348 pluribus
846 2280 988 2331 horis
1029 2291 1148 2332 ante
1190 2280 1460 2334 meridiem
1502 2281 1704 2344 accidit,
1749 2291 1861 2338 tum
1903 2282 2078 2335 fluxus
2123 2280 2274 2333 citius

138 2366 408 2417 advenisse
446 2363 768 2426 observatur,
810 2364 962 2432 qnam
1002 2364 1228 2418 calculus
1259 2367 1592 2421 Cassinianus
1630 2367 1918 2438 indicabat3
1958 2362 2133 2415 contra
2158 2361 2281 2414 vero

138 2452 336 2505 tardius
373 2453 413 2504 si
442 2450 663 2521 syzygiae
689 2450 896 2501 demum
922 2452 1156 2520 pluribus
1180 2451 1324 2508 horis
1350 2466 1469 2522 post
1493 2455 1761 2506 meridiem
1798 2453 2090 2516 inciderint,
2138 2454 2282 2523 cujus

140 2543 348 2613 majoris
375 2539 735 2593 retardationis
763 2558 915 2594 causa
952 2540 1005 2593 in
1047 2540 1167 2596 Sole
1195 2551 1303 2595 tum
1329 2541 1499 2595 adhuc
1524 2544 1589 2595 ab
1616 2543 1882 2596 horizonte
1909 2542 2182 2600 recedente
2207 2553 2284 2595 est

136 2633 431 2703 quaerenda.

206 2727 244 2789 ᾗ.
277 2730 393 2774 106.
437 2722 725 2790 Septimum
760 2720 1143 2791 phaenomenon
1181 2720 1477 2790 suppeditat
1501 2719 1703 2771 diversa
1733 2716 2013 2771 retardatio
2039 2716 2277 2771 fluxuum

139 2810 191 2861 in
230 2809 451 2881 syzygiis
488 2810 820 2861 luminarium
858 2820 909 2861 et
947 2809 1272 2879 quadraturis
1299 2818 1538 2877 respectu
1560 2806 1807 2877 appulsus
1843 2806 2011 2861 Lunae
2036 2804 2103 2856 ad
2128 2803 2281 2855 meri-

136 2901 378 2964 dianum3
418 2901 617 2953 tardius
655 2901 850 2953 scilicet
886 2900 1076 2970 ubique
1113 2900 1347 2951 locorum
1382 2888 1571 2962 fluxus,
1613 2897 1702 2968 qui
1738 2897 1791 2948 in
1829 2895 2048 2966 syzygiis
2081 2893 2281 2946 contin-

136 3002 282 3063 gunt,
320 2992 663 3061 insequuntur
700 2991 1119 3043 culminationem
1158 2990 1342 3052 Lunae,
1383 2988 1538 3059 quam
1573 2989 1625 3053 ii,
1666 2989 1754 3059 qui
1780 2988 1916 3040 circa
1941 2986 2280 3056 quadraturas

135 3081 365 3132 veniunt.
444 3081 621 3150 Hujus
660 3091 832 3132 autem
869 3079 1199 3149 phaenomeni
1237 3078 1434 3147 duplex
1460 3096 1614 3129 causa
1651 3086 1822 3146 potest
1847 3074 2113 3146 assignari,
2154 3091 2280 3143 qua-

133 3191 250 3223 rum
274 3172 443 3241 prima
468 3191 499 3223 a
523 3170 630 3224 sola
658 3171 941 3241 quantitate
966 3180 1187 3221 aestuum
1211 3169 1421 3237 petitur,
1462 3168 1582 3238 quia
1608 3167 1746 3219 enim
1770 3176 1926 3217 aestus
1954 3163 2281 3235 syzygiarum

132 3260 297 3313 multo
335 3272 454 3313 sunt
488 3262 707 3330 majores
746 3258 901 3330 quam
939 3270 1095 3311 aestus
1140 3258 1589 3328 quadraturarum,
1628 3266 2032 3308 consentaneum
2074 3253 2278 3305 videtur

133 3350 245 3401 illos
274 3348 472 3401 tardius
497 3350 672 3401 venire
698 3347 853 3419 quam
888 3349 1001 3400 hos.
1079 3348 1261 3400 Altera
1285 3346 1409 3400 vero
1436 3366 1589 3398 causa
1615 3366 1733 3416 quae
1756 3347 1858 3397 hoc
1893 3345 2279 3415 phaenomenon

132 3440 297 3493 multo
323 3439 614 3492 distinctius
641 3439 882 3508 explicat,
919 3439 1150 3509 nullique
1175 3438 1335 3489 dubio
1360 3438 1532 3489 locum
1559 3437 1819 3507 relinquit,
1847 3445 2039 3487 nostrae
2064 3434 2279 3486 theoriae

134 3533 345 3583 omnino
386 3544 462 3584 est
493 3532 722 3601 propria,
758 3532 1023 3602 priorique
1060 3528 1215 3601 longe
1250 3540 1328 3581 est
1366 3527 1704 3597 praeferenda.
1783 3527 2046 3579 Ponamus
2084 3525 2221 3576 enim
2258 3534 2280 3575 t

135 3638 246 3671 esse
271 3630 488 3688 tempus,
528 3638 631 3690 quo
667 3619 722 3669 in
754 3619 1029 3670 noviluniis
1055 3637 1115 3669 ac
1140 3617 1434 3685 pleniluniis
1460 3617 1632 3667 fluxus
1658 3626 1777 3684 post
1804 3615 2077 3684 appulsum
2108 3613 2277 3664 Lunae

134 3710 202 3762 ad
242 3710 585 3761 meridianum
628 3709 802 3761 venire
846 3710 1004 3770 solet3
1063 3707 1393 3776 sequentibus
1436 3707 1593 3778 igitur
1637 3706 1820 3757 diebus
1864 3698 1967 3757 hoc
2011 3715 2214 3770 tempus
2258 3711 2279 3752 t

138 3799 384 3852 continuo
425 3800 756 3864 diminuetur,
794 3800 915 3870 quia
951 3809 1061 3850 tum
1109 3797 1215 3859 Sol,
1256 3796 1383 3848 dum
1422 3797 1574 3848 Luna
1611 3797 1664 3847 in
1701 3795 1989 3847 meridiano
2026 3800 2274 3853 versatur,

1163 3888 1194 3925 Z
1221 3892 1245 3924 4
