2528 4172
25 2659 35 2670 ,
122 2674 168 2727 C
197 2675 242 2727 P
272 2699 330 2718 =
361 2690 400 2724 x
424 2681 476 2724 et
502 2671 547 2723 P
577 2670 640 2722 M
675 2690 727 2717 =
758 2688 811 2740 y,
840 2669 1090 2721 existente
1130 2666 1195 2718 M
1224 2667 1269 2719 P
1300 2667 1519 2718 normali

586 276 904 334 FLUXUS
941 275 1043 327 AC
1086 272 1510 326 REFLUXUS
1549 271 1815 325 MARIS.
2168 281 2268 328 261

131 426 300 479 Terra
341 443 432 477 seu
472 432 710 477 >centrum
754 419 1075 481 sollicitatur,
1122 426 1173 469 et
1218 415 1506 479 contrariae,
1550 415 1652 467 hoc
1689 416 1805 484 ipso
1850 414 1902 467 T
1904 433 2034 467 errae
2073 426 2274 470 motum

128 517 468 570 curvilineum
504 525 556 567 et
592 510 971 584 inaequabilem,
1013 509 1206 578 quippe
1243 507 1332 577 qui
1375 506 1441 558 ab
1484 506 1667 574 iisdem
1705 505 1898 558 viribus
1938 506 2117 569 oritur,
2163 507 2274 559 adi-

125 626 341 660 memus·
419 607 599 669 Quare
642 605 686 657 si
727 605 939 672 insuper
977 602 1072 653 toti
1112 601 1296 652 Terrae
1332 610 1533 652 motum
1570 600 1823 670 aequalem
1864 610 1915 652 et
1953 600 2272 651 contrarium

125 697 216 760 illi,
245 714 349 766 quo
374 706 492 748 actu
518 694 695 756 fertur,
734 692 1041 760 impressum
1068 690 1434 759 concipiamuS,
1475 689 1825 741 obtinebimus
1863 700 2023 741 totam
2050 689 2273 741 Terram

124 785 488 855 quiescentem,
529 793 683 853 atque
726 781 882 832 etiam
920 797 1060 830 nunc
1103 789 1277 848 partes
1320 778 1539 848 perinde
1584 780 1920 850 agitabuntur
1963 791 2015 832 et
2049 781 2183 832 inter
2218 799 2271 831 se

124 872 602 938 commovebuntur,
640 888 701 922 ac
736 870 779 921 si
813 869 982 921 nullas
1018 868 1310 920 istiusmodi
1346 868 1657 920 mutationes
1692 869 2057 922 intulissemus,
2137 870 2270 932 Qui-

125 963 253 1015 libet
276 973 448 1017 autem
472 960 621 1014 facile
658 960 925 1030 percipiet,
965 969 1216 1030 quantum
1253 977 1319 1010 ex
1355 958 1455 1011 hac
1491 960 1793 1014 reductione
1820 962 2107 1014 subsidium
2133 981 2270 1015 asse-

122 1071 371 1123 quamur3
408 1049 573 1102 multo
611 1049 749 1101 enim
785 1048 985 1100 facilius
1021 1048 1121 1100 erit
1155 1047 1485 1122 mutationeS,
1526 1067 1643 1118 quae
1679 1050 1735 1101 in
1778 1049 1890 1119 ipsa
1929 1051 2097 1103 Terra
2135 1052 2269 1103 acci-

128 1143 274 1205 dunt,
313 1142 584 1211 percipere
621 1150 775 1209 atque
812 1138 1088 1207 explicare,
1128 1137 1171 1189 si
1207 1147 1444 1188 centrum
1482 1137 1665 1189 Terrae
1703 1140 2044 1191 constituatur
2086 1141 2270 1192 immo-

118 1241 245 1293 tum,
287 1229 443 1300 quam
481 1229 524 1280 si
560 1228 730 1280 totalis
767 1236 938 1279 motus
980 1225 1302 1298 singularum
1344 1225 1571 1294 partium
1606 1227 1833 1280 motibus
1871 1238 2005 1280 esset
2040 1231 2271 1298 permix-

124 1330 221 1372 tus,
299 1319 460 1370 Hanc
497 1317 565 1370 ob
603 1335 713 1368 rem
750 1315 847 1367 ista
873 1314 1177 1367 reductione
1203 1313 1304 1385 qua
1331 1324 1566 1366 centrum
1593 1315 1778 1369 Terrae
1803 1318 1857 1368 in
1883 1319 2107 1388 quietem
2132 1319 2270 1370 redi-

117 1410 274 1480 gitur,
314 1405 569 1477 perpetuo
606 1416 829 1468 utemur,
870 1402 974 1474 quo
1012 1402 1359 1472 phaenomena
1396 1402 1550 1455 aestus
1576 1405 1749 1470 maris,
1788 1408 1964 1475 prouti
2006 1408 2061 1458 in
2100 1407 2269 1460 Terra

118 1501 332 1553 immota
362 1500 541 1552 sentiri
567 1498 773 1560 debent,
803 1496 1082 1559 eliciamuS,
1111 1495 1303 1565 quippe
1329 1494 1419 1565 qui
1444 1505 1522 1547 est
1547 1514 1693 1549 casus
1718 1499 1985 1563 naturalis,
2022 1500 2090 1551 ad
2115 1519 2270 1570 quem

119 1610 299 1644 omnes
338 1589 726 1641 observationes
761 1595 882 1639 sunt
917 1583 1338 1647 accommodatae,
1379 1602 1560 1636 omnes
1586 1584 1710 1641 vero
1735 1586 1952 1639 theoriae
1978 1607 2269 1641 accommo-

117 1683 231 1734 dari
264 1681 470 1732 debent.

188 1778 228 1839 §.
259 1778 344 1823 24.
386 1768 725 1838 Concipiatur
759 1784 899 1819 nunc
925 1765 1095 1817 Terra
1119 1774 1227 1818 tota
1265 1774 1513 1835 tanquam
1545 1765 1732 1836 globus
1771 1770 1822 1820 A
1849 1769 1904 1821 D
1934 1770 1981 1822 B
2009 1770 2056 1822 E
2094 1772 2270 1842 urgeri

122 1862 190 1914 ad
231 1861 405 1914 Solem
444 1860 716 1912 Lunamve
746 1859 802 1909 in
838 1859 876 1911 S
901 1857 1225 1920 existentem,
1265 1858 1408 1926 cujus
1436 1857 1512 1908 vis
1538 1857 1775 1913 absoluta
1800 1881 1891 1913 seu
1917 1881 1994 1925 ea,
2034 1881 2191 1932 quam
2215 1863 2271 1913 in

117 1950 358 2003 distantia
395 1969 426 2002 a
459 1960 637 2002 centro
679 1968 773 2001 suo
814 1949 852 2001 S
888 1947 1293 1999 semi-diametro
1328 1947 1514 1999 Terrae

118 2045 304 2115 aequali
356 2044 538 2106 exerit,
590 2043 657 2094 sit
691 2063 743 2089 =
788 2041 844 2104 S,
896 2040 1140 2092 distantia
1187 2039 1311 2091 vero
1358 2041 1522 2092 centri

120 2135 303 2187 Terrae
345 2134 390 2185 C
427 2133 492 2186 ab
532 2134 570 2185 S
609 2150 699 2184 seu
740 2131 784 2183 C
815 2131 851 2184 S
887 2139 1112 2200 ponatur
1139 2151 1191 2178 =
1223 2149 1284 2191 a3
1323 2129 1521 2199 eritque

119 2225 194 2276 vis
233 2223 583 2284 acceleratrix‚
626 2220 726 2291 qua
764 2230 872 2272 tota
910 2220 1080 2272 Terra
1110 2229 1356 2289 tanquam
1393 2220 1448 2270 in
1476 2220 1523 2272 C

119 2354 334 2405 collecta
359 2350 716 2404 sollicitabatu-
741 2349 796 2400 in
822 2347 1104 2400 directione
1138 2348 1183 2399 c
1203 2348 1257 2411 s,
1294 2368 1346 2395 =
1385 2310 1515 2445 {ST

1918 2098 1949 2133 S

120 2491 551 2562 Contemplemur
590 2489 701 2559 jam
749 2487 1058 2557 particulam
1101 2485 1284 2538 Terrae
1336 2503 1516 2555 quam-

119 2602 323 2653 cunque
365 2581 430 2635 M
473 2580 619 2650 cujus
664 2579 790 2630 situs
829 2579 901 2630 ita
943 2578 1009 2629 sit
1050 2576 1310 2640 definituS,
1354 2586 1413 2628 ut
1454 2576 1519 2628 sit

123 2768 190 2819 ad
220 2768 264 2819 C
289 2768 357 2828 S3
395 2765 518 2816 hinc
542 2763 701 2834 igitur
724 2761 999 2812 habebitur
1028 2761 1066 2812 S
1094 2760 1139 2811 P
1170 2784 1226 2802 =
1259 2778 1290 2810 a
1314 2790 1385 2799 —
1408 2778 1447 2810 x
1472 2770 1523 2810 et

124 2863 163 2915 S
186 2859 253 2914 M
273 2886 330 2905 =
373 2860 425 2911 V
459 2862 535 2928 ((a
563 2889 628 2897 -
653 2857 711 2923 x)
738 2854 759 2885 2
790 2864 843 2918 -Ι-
876 2875 910 2926 y
933 2853 992 2922 2).
1069 2856 1163 2908 Vis
1194 2855 1352 2926 igitur
1378 2873 1522 2906 acce-

120 2953 348 3015 leratrix,
368 2948 467 3022 qua
483 2947 737 3018 particula
755 2946 821 2999 M
837 2944 1013 2998 versus
1034 2947 1070 2998 S
1085 2946 1324 3016 pelletur,
1349 2947 1446 2998 erit
1470 2969 1526 2990 =

325 3046 362 3097 S
584 3099 597 3110 ,
769 3077 788 3095 Α
874 3076 887 3093 x
1057 3076 1085 3128 f
1149 3077 1175 3106 ‚.
1216 3078 1251 3129 d
1282 3078 1316 3130 b
1460 3077 1471 3087 .

125 3116 597 3198 W,
637 3098 668 3130 a
693 3097 794 3149 qua
833 3097 951 3130 cum
989 3097 1055 3130 au
1077 3095 1179 3129 eru
1254 3097 1281 3130 e
1320 3088 1403 3130 eat
1424 3096 1518 3140 vis,

124 3218 226 3290 qua
260 3228 368 3271 tota
405 3218 573 3272 Terra
610 3215 787 3271 versus
830 3217 867 3270 S
903 3216 1102 3281 nititur,
1141 3216 1481 3287 concipienda
1506 3225 1584 3268 est
1618 3209 1889 3283 particulae
1921 3207 1987 3261 M
2013 3208 2270 3277 applicata

351 3310 388 3362 S

120 3348 197 3400 vis
228 3373 285 3393 =
324 3383 429 3447 {a
467 3348 521 3400 ‘n
547 3346 830 3400 directione
869 3345 935 3399 M
962 3346 1016 3398 N
1051 3345 1151 3415 ipsi
1191 3345 1236 3398 C
1266 3347 1303 3400 S
1340 3344 1587 3415 parallela
1613 3351 1665 3395 et
1691 3340 1955 3410 opposita3
1995 3356 2113 3408 quae
2151 3337 2268 3388 duae

124 3489 258 3541 vires
293 3489 601 3559 particulam
643 3488 710 3542 M
747 3487 894 3560 aeque
932 3486 1157 3540 afficient
1192 3495 1253 3538 ac'
1290 3486 1334 3538 si
1369 3485 1609 3538 universa
1647 3482 1817 3534 Terra
1859 3480 2146 3551 quiesceret
2187 3477 2270 3528 vel

125 3576 452 3628 uniformiter
478 3576 531 3627 in
557 3576 811 3628 directum
834 3584 1146 3638 moveretur,
1175 3574 1264 3645 qui
1288 3591 1436 3626 casus
1460 3573 1526 3625 ab
1552 3572 1641 3623 illo
1665 3589 1772 3622 non
1797 3569 1986 3623 differt.
2065 3568 2152 3620 Ex
2186 3566 2267 3617 his

55 3700 59 3706 -
126 3663 285 3737 igitur
321 3667 569 3718 ambabus
605 3666 802 3719 viribus
840 3676 1053 3718 conatus
1091 3666 1393 3727 innotescet,
1436 3681 1539 3734 quo
1575 3660 1829 3732 particula
1867 3659 1932 3712 M
1969 3679 2000 3710 a
2035 3658 2086 3708 vi
2124 3656 2191 3708 ad
2231 3656 2267 3707 S

126 3755 326 3808 directa
350 3755 416 3807 de
439 3756 556 3807 loco
582 3775 676 3808 suo
700 3756 943 3809 recedere
969 3756 1259 3808 annitetur:
1299 3754 1367 3806 ad
1399 3755 1569 3823 ipsum
1594 3762 1766 3804 autem
1790 3764 1991 3803 motum
2016 3748 2268 3800 definien-

131 3848 262 3901 dum
285 3849 497 3918 insuper
521 3849 597 3901 vis
623 3849 886 3920 gravitatis
913 3849 1010 3902 erit
1035 3846 1384 3918 respicienda:
1425 3855 1476 3898 et
1502 3845 1622 3916 quia
1644 3844 1759 3898 haec
1783 3842 2035 3914 particula
2059 3857 2166 3890 non
2192 3846 2269 3888 est
