2528 4172
6 3754 11 3769 „,
0 3472 25 3743 ⁴¹⁷⁸staeme
1 3382 3 3386 “

590 242 906 299 FLUXUS
945 242 1046 297 AC
1091 243 1514 298 REFLUXUS
1554 241 1817 295 MARIS.
2174 252 2276 296 305

129 387 393 461 gravitatis
430 390 505 441 vis
543 399 677 441 esset
713 387 913 441 infinite
951 407 1140 460 magna
1176 398 1412 457 respectu
1450 389 1638 440 virium
1677 388 1846 439 Lunae
1883 394 1934 438 et
1973 386 2141 449 Solis‚'
2165 396 2278 439 t'um

130 478 284 530 etiam
309 479 482 530 nullus
508 489 663 530 aestus
691 480 942 556 oriretur3
971 478 1159 530 deinde
1185 476 1288 548 quo
1314 480 1478 550 magis
1506 487 1535 530 8
1569 497 1605 549 g
1631 477 1697 529 ad
1728 485 1749 528 1
1783 475 1995 539 accedit,
2025 473 2087 538 eo
2112 478 2277 545 major

127 569 359 637 prodibit
383 578 554 632 aestus,
584 570 673 640 qui
707 556 837 621 adeo
873 570 927 619 in
951 569 1213 620 infinitum
1238 589 1537 621 excrescere
1563 580 1737 639 posset
1764 569 1806 620 si
1833 568 1965 619 foret
1993 576 2024 620 8
2050 587 2102 638 gv
2122 573 2172 614 -ὲ
2213 576 2233 618 1
2257 589 2271 629 3

126 659 228 710 hoc
266 659 457 729 quippe
495 677 614 710 casu
655 659 729 710 vis
774 660 941 711 Lunae
984 660 1290 730 gravitatem
1335 670 1617 728 superaret,
1666 678 1948 729 omnesque
1997 679 2157 729 aquas
2203 659 2272 710 ad

128 750 336 801 Lunam
362 748 643 800 attraheret
658 769 672 811 3
714 750 853 819 quod
879 760 1049 801 autem
1075 751 1189 802 fieri
1214 770 1321 802 non
1344 762 1535 820 potest,
1575 750 1740 801 multo
1766 750 1936 801 minus
1964 761 2136 802 autem
2163 769 2274 802 esse

123 850 294 909 potest
320 848 349 892 8
378 860 414 911 g
444 840 504 902 >
548 849 594 903 1,
629 841 769 910 quod
796 852 969 893 tamen
995 842 1038 893 si
1072 842 1314 905 eveniret,
1344 842 1571 893 maxima
1596 841 1813 893 elevatio
1838 842 2078 910 appulsui
2104 842 2273 893 Lunae

74 965 79 968 -
125 932 192 984 ad
229 932 567 996 horizontem,
605 934 936 1004 maximaque
974 934 1237 1004 depressio
1275 935 1445 987 Lunae
1481 933 1826 992 meridianum
1871 934 2147 1002 occupanti
2190 936 2272 986 re'-

125 1021 418 1090 sponderet.

193 1116 231 1178 ᾗ.
260 1117 345 1163 82.
388 1108 523 1162 Cum
561 1111 719 1181 igitur
759 1130 907 1181 aqua,
949 1112 991 1163 si
1030 1110 1213 1162 inertifi
1253 1120 1465 1179 careret,
1508 1109 1731 1182 agitetur
1755 1099 1849 1179 p'er
1872 1109 2096 1195 spatium
2125 1110 2191 1170 M
2215 1111 2271 1164 N

130 1254 183 1282 =
219 1210 249 1254 3
286 1221 338 1297 g,
381 1233 536 1303 suprei
574 1244 746 1286 autem
784 1240 823 1303 ᾗ.
850 1242 935 1286 41.
976 1234 1158 1287 efidem
1200 1233 1299 1286 hfic
1333 1235 1623 1315 hypothesi,
1663 1233 1764 1305 quj&
1795 1243 1903 1286 tam
1939 1233 2082 1286 locus
2111 1233 2265 1311 quzim
2336 1296 2340 1307 ,

119 1377 275 1430 Luna
314 1378 368 1429 in
407 1388 669 1448 aequatore
708 1379 936 1447 ponitur,
979 1396 1165 1450 aquam
1210 1379 1398 1431 elevari
1442 1398 1599 1450 supra
1640 1378 1879 1430 libellam
1910 1378 2268 1448 penspffatiiun

118 1507 278 1564 2,260
324 1500 534 1569 pedum,
580 1499 713 1551 infra
756 1517 871 1551 eam
919 1500 1042 1552 vero
1087 1499 1308 1569 deprimi
1353 1499 1518 1569 spatio
1567 1507 1722 1564 1,112
1767 1474 1995 1568 pedum,r
2026 1481 2123 1552 erit
2158 1475 2269 1549 gg

125 1697 177 1724 =
214 1680 370 1739 3,372
410 1674 619 1743 pedum,
659 1674 881 1745 ideoque
906 1662 973 1780 ..ξ-
1013 1697 1064 1724 .--
1103 1681 1257 1739 1,]24
1287 1675 1480 1745 pedum
1519 1697 1571 1724 =
1611 1681 1633 1727 1
1666 1649 1958 1780 {pedunm
2002 1675 2266 1737 Quoniam

114 1816 239 1869 vero
265 1817 408 1868 valor
445 1817 602 1884 ipsius
627 1836 664 1888 g
688 1836 806 1868 cum
833 1818 1028 1870 unitate
1055 1828 1398 1886 comparatur,
1439 1814 1558 1868 ideo
1584 1817 1739 1880 venit,
1778 1818 1917 1886 quod
1944 1827 2147 1886 tempus
2172 1836 2267 1885 per

114 1909 285 1976 ipsum
314 1925 491 1958 arcum
518 1908 696 1958 circuli
722 1910 865 1977 cujus
892 1908 1066 1959 radius
1094 1918 1170 1959 est
1206 1930 1256 1954 =
1298 1916 1319 1958 1
1355 1908 1731 1976 expressimus:
1772 1907 1896 1976 hinc
1923 1908 2096 1977 itaque
2122 1907 2267 1959 valor

113 1997 276 2066 ipsius
314 2016 350 2067 g
388 2007 625 2064 respectu
650 1997 859 2048 unitatis
887 1997 1164 2048 definietur
1197 2007 1431 2066 tempore
1459 1996 1642 2048 eodem
1667 1995 1826 2046 modo
1853 1993 2138 2064 expresso,⁴
2162 2016 2265 2066 quo

89 2084 248 2156 'aqua
284 2084 337 2135 in
381 2083 446 2136 M
484 2103 648 2155 usque
685 2085 928 2154 depressa
967 2085 1074 2138 sol&
1113 2087 1163 2138 vi
1200 2086 1559 2157 gravitatisse
1597 2086 1650 2136 in
1681 2085 1724 2137 C
1765 2086 2073 2150 restitueret,
2122 2087 2262 2157 quod

107 3117 312 3179 tempus
349 3120 415 3162 ex
453 3110 850 3167 circumstantiis
876 3108 1025 3162 facile
1050 3110 1241 3179 poterit
1266 3109 1540 3161 aestimaii:
1580 3095 1830 3180 prodibit
1836 3117 2007 3160 autem
2031 3126 2135 3177 per·
2153 3107 2254 3160 cal-

105 3231 289 3286 cqurn
307 3245 511 3305 tempus
536 3232 689 3314 hujus
715 3228 1130 3287 restitutionis:
1159 3222 1230 3336 ,Ξ-
1265 3219 1423 3284 V*-
1343 3241 1376 3284 2
1395 3252 1446 3302 g,
1488 3227 1809 3323 denotante
1799 3253 1832 3282 ‹n-
1862 3223 2009 3284 semi-
1989 3250 2107 3301 pe1
2106 3219 2256 3303 iphe-

112 3377 244 3429 riam
271 3380 451 3432 circuli
485 3380 690 3431 radium
724 3373 837 3431 ='1
878 3377 1135 3440 habentis,
1169 3388 1493 3444 seusstempus
1520 3375 1793 3442 duodecim
1824 3375 1923 3442 hor
1926 3394 2072 3431 arum
2097 3376 2256 3428 luna-.-

107 3494 260 3597 rium.
339 3502 498 3583 Quod
526 3505 568 3554 si
588 3498 748 3575 ¹igitur
773 3504 1028 3555 restitutio
1066 3511 1289 3570 ponatur
1314 3511 1432 3553 actu
1457 3502 1572 3553 fieri
1608 3512 1841 3571 tempore
1886 3476 1948 3551 {Z
1988 3502 2253 3586 horarum?

1897 3575 1953 3631 n¹
2016 3593 2039 3606 ,χ
2074 3594 2079 3599 .

110 3678 256 3731 erit'
226 3668 292 3782 ,Ξ
328 3701 379 3727 =
416 3669 446 3698 ⁷²*
473 3653 578 3784 ΥΞΞ
596 3669 632 3719 g
656 3691 708 3733 et
730 3700 768 3752 g
802 3703 853 3729 =
859 3656 1011 3786 ‘gn'
1042 3700 1107 3733 ex
1134 3683 1237 3751 quo
1262 3683 1592 3768 perspicuum
1619 3692 1711 3749 est,
1734 3683 1872 3756 quo
1858 3683 2014 3777 citius
2040 3688 2175 3755 aqua
2193 3675 2258 3732 s'e

109 3820 319 3889 propria
358 3842 448 3873 sua
487 3822 537 3875 vi
574 3824 841 3875 restituere
866 3824 1048 3886 valeat,
1089 3822 1151 3875 eo
1178 3823 1346 3875 minus
1372 3843 1703 3877 excessurum
1729 3846 1840 3880 esse
1868 3827 2090 3896 spatium
2127 3826 2175 3876 A
2206 3824 2254 3875 B

1142 3916 1178 3953 Y
1196 3920 1222 3953 5
