2528 4172
88 289 274 342 mez
301 286 600 350 Tmmus]
680 283 1084 338 PRINCIPIA
1125 283 1746 340 MATHEMATICA.

2176 300 2243 344 63

87 443 209 495 tam,
239 442 314 484 est
338 431 405 482 ad
431 432 735 503 gravitatem
761 431 816 480 in
842 429 1025 480 eodem
1062 429 1179 479 loco
1208 429 1257 480 A
1285 429 1339 478 in
1366 430 1625 497 sphaeram
1653 441 1832 484 centro
1862 432 1906 484 C
1944 433 2092 484 radio
2119 435 2168 485 A
2200 436 2245 486 C

87 524 414 592 descriptam,
443 533 501 574 ut
531 529 629 574 125
658 520 724 572 ad
765 527 882 572 126.

74 1334 202 1386 vitas
237 1334 291 1384 in
331 1334 397 1394 A,
438 1332 490 1382 in
531 1351 653 1383 casu
690 1341 929 1400 utroque,
963 1330 1269 1382 diminuitur
1303 1331 1360 1381 in

1048 1422 1101 1489 (ἵ)
1132 1421 1227 1473 Est
1250 1421 1348 1492 igi-

75 1423 256 1476 eadem
292 1424 491 1474 ratione
528 1441 682 1492 quam
716 1420 970 1490 proxime.

962 520 1018 587 (⁵)
1065 519 1162 571 Est
1187 529 1361 570 autem
1385 522 1611 590 gravitas
1638 523 1692 573 in
1718 523 1835 575 loco
1862 524 1914 576 A
1939 523 1994 574 in
2022 524 2244 576 Terram

84 613 257 665 media
280 610 679 682 proportionalis
706 610 842 660 inter
865 607 1140 679 gravitates
1167 607 1222 658 in
1248 607 1357 660 dic-

83 714 190 755 tam
235 701 581 771 sphaeroidem
630 710 683 751 et
733 699 1020 767 sphaeram:
1083 707 1363 766 propterea

84 793 226 863 quod
251 792 473 861 sphaera,
508 789 847 841 diminuendo
883 788 1195 840 diametrum
1235 788 1281 839 P
1308 787 1363 849 Q

81 884 136 934 in
173 882 375 934 ratione
418 888 511 933 101
556 879 624 931 ad
667 887 784 941 100,
813 878 1031 930 vertitur
1057 878 1111 929 in
1137 878 1361 948 figuram

83 973 299 1034 Terrae3
339 981 391 1022 et
432 969 548 1021 haec
592 970 762 1040 figura
799 968 1140 1020 diminuendo
1183 969 1238 1019 in
1275 969 1360 1020 efi-

79 1064 199 1116 dem
242 1061 441 1114 ratione
482 1059 793 1113 diametrum
831 1059 1054 1120 tertiam,
1094 1077 1212 1128 quae
1249 1058 1359 1110 dia-

75 1153 253 1206 metris
304 1151 504 1203 duabus
557 1152 607 1202 A
635 1151 698 1213 B,
749 1150 793 1202 Ρ
823 1150 877 1211 Q
913 1149 1359 1218 perpendicularis

78 1254 169 1307 est,
206 1242 424 1295 vertitur
450 1242 503 1291 in
531 1241 723 1292 dictam
750 1240 1126 1309 sphaeroidem3
1166 1249 1216 1291 et
1240 1258 1359 1311 gra-

0 1518 18 1555 ³³·
75 1526 161 1566 tur
197 1515 421 1586 gravitas
458 1515 513 1565 in
546 1515 597 1566 A
630 1515 684 1566 in
713 1514 972 1582 sphaeram
1004 1522 1183 1563 centro
1215 1513 1260 1564 C
1286 1512 1433 1564 radio
1460 1512 1512 1565 A
1543 1514 1588 1566 C
1615 1513 1947 1584 descriptam,
1976 1517 2042 1568 ad
2068 1519 2240 1588 gravi-

75 1615 233 1659 tatem
259 1605 313 1655 in
339 1605 390 1656 A
416 1605 469 1655 in
497 1605 719 1658 Terram
744 1613 802 1654 ut
832 1609 932 1655 126
962 1602 1029 1655 ad
1058 1605 1211 1669 1255,
1256 1612 1311 1653 et
1342 1603 1568 1673 gravitas
1596 1602 1652 1654 in
1676 1603 1792 1654 loco
1821 1604 1874 1665 Q
1900 1605 1954 1654 in
1981 1605 2237 1673 sphaeram

0 1785 3 1791 “
29 1813 32 1817 .
75 1779 237 1818 rotando
255 1780 502 1830 descriptum,
523 1780 572 1819 ad
590 1780 835 1820 altitudinem
856 1781 894 1819 E
911 1793 944 1827 ε,
965 1780 1124 1819 ductam

77 1832 120 1870 in
147 1833 336 1871 circulum
368 1836 480 1886 cujus
512 1842 568 1873 est
596 1835 725 1873 radius
765 1836 812 1872 M
835 1835 885 1879 E,
925 1833 1004 1872 sive
1033 1835 1125 1884 quia

78 1886 211 1924 circuli
242 1894 334 1925 sunt
362 1896 407 1926 ut
428 1889 613 1938 quadrata
639 1888 835 1926 radiorum
858 1896 896 1926 et
924 1888 1123 1938 utriusque

7 1954 11 1971 τ
78 1939 285 1990 cylindruli
303 1942 521 1980 communis
535 1950 592 1982 est
606 1941 781 1989 altitudo,
797 1942 869 1981 erit
882 1940 1124 1992 cylindrulus

0 3027 1 3030 ’
84 3019 280 3071 EGge,
309 3017 640 3070 adcylindrulum
670 3019 890 3062 EMme‚
919 3018 1126 3057 utGE²

0 3076 25 3124 ξ,
82 3072 311 3111 adME2.
373 3072 450 3111 Sed
486 3071 1128 3120 GE²adME2semperest

0 3124 17 3167 ’ζ’
82 3133 129 3164 ut
148 3125 183 3163 P
204 3125 237 3164 C
256 3127 276 3150 ²
295 3126 346 3165 ad
368 3126 407 3164 R
430 3126 462 3165 C
483 3127 503 3148 ²
532 3126 592 3163 vel
619 3128 652 3163 A
679 3125 710 3164 C
731 3127 764 3171 ²,
795 3124 959 3175 ideoque
978 3126 1018 3162 in
1038 3124 1127 3163 data

2 3180 7 3227 ᾗ
83 3179 242 3224 ratione,
262 3179 333 3217 erit
350 3179 479 3229 itaque
497 3191 649 3216 summa
667 3186 746 3217 tota
759 3178 1068 3228 cylindrulorum
1087 3180 1127 3217 in

2 3264 3 3267 ,
85 3231 298 3280 sphaeroide
324 3231 373 3270 ad
398 3244 591 3271 summam
611 3240 731 3270 totam
750 3231 1058 3281 cylindrulorum
1085 3232 1127 3270 in

84 3282 245 3333 sphaera,
276 3285 349 3323 hoc
375 3293 444 3330 est,
477 3286 659 3335 sphaerois
687 3286 768 3334 ipsa
794 3284 845 3323 ad
872 3286 1059 3333 sphaeram
1085 3292 1128 3324 ut

0 3371 12 3391 ,Κ
87 3337 124 3376 P
146 3337 212 3376 C²
231 3336 280 3375 ad
301 3338 339 3376 A
359 3338 391 3377 C
406 3340 439 3385 ²,
452 3338 536 3390 jam
555 3337 644 3376 vero
662 3340 809 3387 sphaera
825 3338 933 3376 radio
956 3339 994 3376 R
1010 3339 1042 3376 C
1062 3338 1128 3376 de-

0 3395 17 3418 ³³
40 3418 45 3421 -
86 3390 227 3439 scripta
257 3396 297 3428 et
320 3391 503 3440 sphaerois
529 3403 744 3441 compressa
774 3391 950 3440 ellipseos
981 3392 1018 3430 A
1041 3392 1078 3430 G
1094 3392 1129 3429 P

3 3441 12 3483 ‘J
85 3442 187 3481 circa
224 3454 336 3481 axem
376 3443 411 3481 P
445 3444 478 3482 C
514 3445 785 3482 convolutione
820 3445 963 3495 genita,
1011 3445 1127 3482 simili

84 3496 203 3535 modo
231 3495 351 3533 dividi
376 3496 642 3547 intelligantur
668 3498 710 3535 in
728 3497 886 3535 tubulos
903 3496 1130 3536 innumeros

85 3549 349 3589 ordinatarum
382 3549 430 3587 M
452 3550 489 3587 E
522 3558 560 3587 et
587 3563 627 3587 m
646 3563 679 3596 e,
718 3551 756 3589 G
780 3551 815 3589 E
846 3559 886 3589 et
915 3564 943 3602 g
961 3564 993 3594 e,
1029 3551 1127 3589 circa

13 3599 22 3644 f
86 3613 198 3640 axem
234 3601 269 3640 P
291 3602 324 3640 C
356 3602 625 3640 convolutione
653 3604 818 3654 genitos,
848 3606 898 3642 ob
934 3604 1128 3643 radiorum

91 3655 124 3694 C
147 3656 183 3693 E
202 3662 241 3694 et
258 3661 449 3693 rectarum
478 3655 514 3693 E
533 3667 556 3693 e
574 3655 841 3706 aequalitatem,
870 3665 985 3695 erunt
1003 3657 1117 3695 tubul

12 3730 19 3739 -,
85 3707 145 3747 illl
160 3716 206 3758 ut
224 3709 273 3747 M
295 3708 344 3753 E,
370 3708 406 3746 G
430 3708 480 3751 E,
502 3707 581 3746 sive
599 3715 645 3746 ut
665 3710 703 3746 A
727 3710 759 3747 C
778 3709 827 3748 ad
849 3710 885 3748 P
900 3711 946 3757 C,
966 3711 1039 3748 hoc
1058 3717 1127 3756 est,

89 3759 132 3798 in
147 3759 240 3800 data
256 3762 428 3808 ratione;
457 3759 621 3812 ideoque
639 3762 788 3810 sphaera
805 3770 862 3800 est
880 3762 929 3801 ad
946 3763 1128 3812 sphaeroi-

2 3834 8 3865 >‚
32 3860 35 3861 ⁷
84 3811 178 3853 dem
207 3813 462 3865 compressam
491 3822 536 3852 ut
571 3815 608 3852 A
633 3816 666 3853 C
693 3814 743 3853 ad
773 3815 808 3853 P
830 3816 876 3853 C.
938 3817 1071 3861 Quare
1098 3816 1129 3853 si

1178 1783 1328 1830 sphaera
1347 1781 1497 1820 dicatur
1520 1783 1546 1821 S
1565 1782 1750 1831 sphaerois
1770 1796 1987 1833 compressa
2006 1798 2035 1831 s,
2058 1791 2096 1822 et
2111 1786 2238 1834 sphae-

1177 1836 1255 1873 rois
1287 1835 1497 1886 oblongata
1530 1852 1565 1882 e,
1599 1836 1725 1886 sitque
1759 1838 1797 1874 A
1823 1838 1854 1875 C
1875 1854 1931 1873 =
1951 1839 1988 1882 b,
2029 1838 2062 1875 P
2085 1839 2117 1876 C
2138 1855 2195 1874 =
2215 1852 2238 1876 a

1177 1890 1249 1926 erit
1284 1889 1645 1927 S2zs2=b2=
1672 1892 1745 1933 212,
1782 1903 1826 1928 ac
1858 1889 2021 1940 proinde
2057 1892 2112 1930 S:
2138 1908 2236 1930 c:

1177 1946 1312 1984 S²²S²
1335 1953 1554 1992 undes=
1576 1957 1629 2006 μ
1658 1955 1684 1992 S
1708 1961 1749 2001 ><
1774 1971 1808 1993 c.
1871 1956 1922 1999 Q.
1947 1968 1980 1992 e.
2004 1955 2042 1992 d.

1232 2006 1284 2059 (⁸)
1317 2012 1378 2046 80.
1404 2011 1478 2046 Est
1497 2016 1627 2046 autem
1643 2011 1826 2058 gravitas.
1888 2007 2091 2046 Diameter
2122 2008 2158 2046 P
2181 2010 2235 2055 Q,

1176 2059 1219 2097 in
1249 2059 1378 2111 figura
1407 2062 1594 2099 Newtoni
1628 2061 1859 2110 respondeat
1897 2062 2086 2099 diametro
2120 2062 2158 2100 R
2181 2064 2234 2107 N,

1177 2113 1382 2151 minuatur
1408 2114 1595 2152 diameter
1621 2114 1690 2152 illa
1721 2115 1761 2152 R
1784 2116 1824 2152 N
1852 2115 1892 2151 in
1920 2116 2069 2152 ratione
2092 2120 2161 2153 101
2185 2116 2236 2153 ad

1181 2170 1260 2205 100
1279 2174 1324 2204 ut
1342 2168 1409 2205 fiat
1440 2167 1476 2205 P
1499 2169 1540 2212 Q
1556 2184 1612 2204 =
1636 2173 1723 2213 100,
1755 2175 1849 2205 tunc
1868 2169 2019 2216 sphaera
2037 2181 2125 2218 quae
2144 2181 2235 2206 cen-

1177 2226 1238 2257 tro
1261 2221 1293 2258 C
1312 2220 1421 2258 radio
1445 2222 1480 2258 A
1509 2222 1541 2259 C
1562 2221 1752 2270 descripta
1770 2229 1863 2267 erat,
1885 2229 2053 2258 vertetur
2071 2221 2111 2257 in
2132 2222 2235 2272 figu-

1176 2286 1260 2311 ram
1282 2275 1426 2311 Terrae.
1475 2273 1504 2312 J
1506 2286 1566 2310 arn
1589 2272 1678 2312 vero
1696 2274 1936 2322 concipiatur
1954 2274 2066 2312 tertia
2084 2275 2232 2313 diame-

1177 2333 1235 2364 ter
1253 2340 1340 2377 quae
1358 2327 1399 2363 in
1418 2326 1659 2365 revolutione
1687 2328 1847 2376 sphaerae
1867 2327 2019 2365 duabus
2037 2327 2235 2365 diametris

1180 2381 1219 2417 A
1242 2381 1292 2426 B,
1317 2381 1352 2419 Ρ
1371 2381 1422 2425 Q,
1442 2379 1488 2417 fit
1505 2380 1845 2429 perpendicularis,
1867 2382 2028 2431 haecque
2047 2380 2235 2419 diameter

1176 2432 1420 2471 diminuatur
1446 2433 1487 2470 in
1512 2431 1650 2471 eadem
1669 2434 1817 2471 ratione
1840 2438 1911 2472 101
1934 2434 1984 2471 ad
2008 2438 2096 2477 100,
2128 2443 2234 2483 patet

1176 2486 1343 2537 figuram
1364 2487 1496 2525 Terrae
1515 2487 1611 2525 verti
1630 2487 1672 2524 in
1690 2487 1946 2536 sphaeroidern
1964 2487 2228 2538 oblongatam.

1183 2540 1288 2585 Quia
1317 2538 1411 2578 vero
1439 2548 1603 2591 utraque
1621 2539 1803 2589 sphaerois
1822 2539 1901 2578 sive
1919 2553 2137 2589 compressa
2154 2543 2233 2579 sive

1177 2594 1386 2645 oblongata
1417 2593 1468 2631 ad
1494 2595 1684 2643 sphaeram
1711 2606 1828 2644 quam
1857 2593 2033 2642 proxime
2070 2595 2229 2640 accedit,

1176 2647 1409 2696 sphaeroides
1426 2646 1505 2684 illae
1523 2659 1595 2696 pro
1613 2648 1774 2699 sphaeris
1791 2660 1880 2698 quae
1898 2647 2062 2685 eandem
2081 2661 2231 2697 respec-

1175 2699 1253 2739 tive
1272 2701 1497 2739 contineant
1511 2701 1683 2739 materiae
1701 2701 1966 2751 quantitatem,
1983 2714 2100 2751 quam
2115 2714 2228 2750 prox-

1176 2753 1255 2792 ime
1283 2754 1415 2792 haberi
1446 2762 1619 2802 possunt.
1689 2756 1791 2793 Sunt
1821 2762 1953 2792 autem
1986 2757 2232 2793 attractiones

1176 2808 1415 2856 sphaerarum
1434 2807 1476 2844 in
1495 2807 1686 2845 distantiis
1701 2808 1915 2858 aequalibus
1934 2814 1979 2845 ut
1996 2808 2231 2858 quantitates

1177 2860 1347 2898 materiae
1368 2862 1479 2912 (Cor.
1506 2865 1536 2897 l.
1561 2861 1677 2910 Prop.
1704 2861 1916 2899 LXXIV.
1939 2861 2026 2898 Lib.
2049 2861 2102 2911 Ι.)
2124 2859 2231 2899 ided-

1177 2926 1253 2963 que
1272 2916 1439 2963 gravitas
1456 2914 1497 2951 in
1516 2921 1681 2964 utroque
1695 2927 1787 2952 casu
1799 2915 1985 2963 praedicto
1999 2914 2232 2952 diminuitur

1176 2966 1219 3004 in
1238 2966 1375 3005 eadem
1394 2967 1542 3005 ratione
1560 2968 1731 3005 materiae
1749 2967 1930 3006 detractae
1956 2980 2073 3017 quam
2098 2969 2227 3016 proxi-

1178 3019 1253 3064 me,
1283 3033 1327 3058 ac
1354 3020 1515 3069 proinde
1542 3021 1787 3059 attractiones
1816 3022 1975 3069 sphaerae
2007 3021 2231 3068 sphaeroidis

1178 3086 1405 3122 compressae
1424 3082 1462 3111 et
1481 3074 1705 3122 sphaeroidis
1732 3074 1952 3124 oblongatae
1971 3082 2061 3110 sunt
2079 3086 2228 3122 respec-

1178 3126 1255 3165 tive
1287 3135 1332 3165 ut
1360 3128 1593 3177 quantitates
1624 3128 1795 3165 materiae
1826 3128 1866 3164 in
1898 3127 1974 3163 illis
2006 3128 2230 3175 corporibus

1178 3187 1371 3219 contentae
1402 3181 1520 3231 quam
1554 3180 1738 3229 proxime.
1802 3180 1879 3218 Sed
1910 3180 2093 3226 sphaerois
2121 3192 2229 3218 com-

1179 3245 1306 3282 pressa
1335 3233 1609 3271 convolutione
1641 3233 1818 3282 ellipseos
1859 3234 1894 3271 A
1921 3232 1957 3271 P
1978 3233 2013 3270 B
2037 3233 2089 3277 Q,
2127 3232 2229 3272 circa

1179 3300 1291 3325 axem
1316 3288 1350 3325 P
1372 3287 1403 3325 C
1428 3287 1470 3332 Q
1485 3287 1617 3337 genita
1636 3294 1692 3324 est
1710 3286 1839 3323 media
1856 3286 2151 3334 proportionalis
2169 3287 2229 3324 in-

1180 3346 1237 3377 ter
1273 3342 1461 3389 sphaeram
1498 3339 1825 3387 circumscriptam
1863 3339 1976 3389 cujus
2011 3339 2142 3377 radius
2170 3351 2227 3378 est

1182 3394 1219 3430 A
1245 3394 1291 3439 C,
1324 3403 1363 3431 et
1394 3393 1649 3442 sphaeroidem
1679 3391 1928 3443 oblongatam
1956 3393 2229 3431 convolutione

1179 3445 1357 3495 ellipseos
1392 3445 1495 3484 circa
1530 3458 1643 3483 axem
1684 3446 1720 3483 A
1753 3445 1785 3483 C
1825 3445 1860 3482 B
1897 3446 2070 3495 genitam
2108 3448 2224 3497 (82).

1184 3498 1317 3543 Quare
1343 3499 1508 3550 gravitas
1526 3500 1569 3535 in
1588 3498 1672 3536 loco
1703 3497 1755 3543 A,
1783 3496 1825 3535 in
1847 3498 2007 3536 Terram
2027 3507 2083 3537 est
2101 3500 2231 3538 media

1180 3552 1474 3600 proportionalis
1491 3553 1592 3589 inter
1608 3550 1813 3601 gravitates
1826 3551 1868 3589 in
1883 3551 2025 3590 dictam
2044 3554 2229 3602 sphaeroi-

1181 3604 1283 3647 dem.
1305 3605 1553 3656 oblongatam
1572 3604 1728 3651 scilicet,
1749 3612 1787 3642 et
1805 3605 2007 3654 sphaeratn.

1235 3658 1289 3709 (ἵ)
1313 3660 1334 3682 *
1357 3660 1431 3696 Est
1448 3660 1567 3707 igitur
1580 3659 1759 3707 gravitas.
1824 3658 2002 3697 Gravitas
2020 3658 2061 3695 in
2080 3658 2166 3696 loco
2189 3661 2225 3697 A

1179 3710 1221 3747 in
1253 3711 1416 3748 Terram
1448 3710 1597 3748 dicatur
1633 3711 1686 3756 G,
1717 3710 1883 3762 gravitas
1917 3712 1958 3749 in
1987 3712 2073 3750 loco
2103 3713 2155 3756 Q,
2188 3713 2230 3750 in

1184 3764 1346 3801 Terram
1374 3763 1423 3801 sit
1447 3775 1486 3814 g,
1520 3763 1685 3814 gravitas
1711 3764 1754 3801 in
1780 3764 1867 3803 loco
1896 3765 1946 3810 Q.
1974 3765 2015 3802 in
2040 3766 2231 3814 sphaeram

1181 3816 1289 3855 radio
1308 3817 1340 3856 P
1359 3817 1402 3862 C,
1416 3816 1647 3867 descriptam
1666 3816 1818 3857 dicatur
1835 3834 1876 3868 γ,
1888 3818 2065 3869 gravitas
2083 3819 2123 3856 in
2145 3819 2231 3860 loco

1113 3887 1196 3925 G2
