2528 4172
327 257 432 308 288
743 250 1187 314 INQUISITIO
1226 249 1568 304 PHYSICA
1609 250 1689 302 IN
1732 250 2056 303 CAUSAM

330 399 623 469 conjunctio
661 398 766 449 sive
804 398 1062 465 oppositio
1098 397 1429 448 luminarium
1465 415 1644 448 verum
1680 395 1949 448 meridiem
1984 395 2066 446 vel
2102 396 2350 463 praecedit
2382 396 2463 447 vel

330 491 573 559 sequitur,
602 487 869 555 duplicari,
899 487 1216 557 totidemque
1242 489 1439 538 minuta
1461 488 1629 556 prima
1648 488 1713 539 ad
1739 498 1941 555 tempus
1959 487 2189 538 medium
2207 497 2457 549 notatum,

328 597 431 648 quo
466 578 637 628 fluxus
676 577 880 626 evenire
917 576 1062 638 solet,
1104 577 1183 627 vel
1220 576 1342 627 addi
1378 577 1459 627 vel
1494 577 1559 627 ab
1587 596 1648 628 eo
1675 575 1923 638 subtrahi,
1952 595 2056 646 quo
2081 595 2258 627 verum
2286 575 2459 627 fluxus

325 677 643 719 momentum
687 665 994 716 obtineatur.
1091 665 1354 726 Quoniam
1407 675 1577 717 autem
1626 666 1739 717 haec
1789 666 2041 717 correctio
2083 665 2265 716 nititur
2313 675 2459 716 motu

327 755 495 808 Lunae
532 754 721 815 medio,
759 737 1088 822 perspicuum
1128 765 1204 805 est
1241 773 1353 805 eam
1392 757 1708 807 correctione
1745 756 1978 808 ulteriori
2016 774 2145 824 opus
2180 756 2388 818 habere,
2428 774 2459 807 a

324 862 447 895 vero
474 844 642 894 Lunae
669 853 813 894 motu
838 843 1013 912 petita,
1043 863 1159 914 quae
1179 844 1301 895 vero
1324 845 1629 915 plerumque
1649 847 1747 898 erit
1772 846 2097 908 insensibilis,
2119 844 2237 897 cum
2258 864 2458 897 summa

321 954 470 1004 aquae
497 935 711 986 elevatio
736 954 842 986 non
868 935 1038 987 subito
1063 936 1211 999 adsit,
1242 936 1332 987 sed
1355 955 1451 1005 per
1476 946 1680 1005 tempus
1707 938 1827 989 satis
1852 937 2080 988 notabile
2106 936 2272 987 duret.

392 1030 429 1091 ᾗ.
459 1034 543 1078 61.
584 1026 700 1077 Nisi
737 1037 908 1077 autem
946 1027 1221 1078 luminaria
1256 1026 1497 1095 proxima
1523 1027 1625 1078 sint
1650 1027 1732 1077 vel
1758 1026 2105 1095 conjunctioni
2130 1024 2211 1076 vel
2249 1024 2456 1092 opposi-

319 1113 463 1177 tioni,
493 1115 722 1165 maxima
746 1115 902 1165 maris
929 1115 1145 1166 elevatio
1170 1134 1275 1166 non
1314 1117 1369 1166 in
1405 1116 1577 1183 ipsum
1608 1116 1777 1167 Lunae
1801 1115 2071 1166 transitum
2096 1132 2190 1181 per
2213 1112 2457 1164 meridia-

317 1221 444 1255 num
488 1205 692 1256 incidet.
773 1205 1037 1265 Quoniam
1081 1207 1218 1258 enim
1264 1207 1416 1258 Luna
1458 1208 1580 1259 dum
1621 1225 1786 1275 prope
1823 1206 2167 1258 meridianum
2203 1214 2452 1266 versatur,

316 1312 412 1363 per
449 1294 658 1364 aliquod
694 1304 896 1363 tempus
936 1297 1153 1348 eandem
1190 1297 1512 1349 altitudinem
1539 1307 1823 1360 conservat,
1857 1298 2109 1364 tantisper
2134 1296 2287 1347 etiam
2312 1313 2455 1346 mare

319 1384 537 1435 eandem
575 1384 911 1435 elevationem
949 1386 1216 1447 retinebit3
1257 1395 1308 1437 et
1343 1386 1479 1437 hanc
1506 1386 1573 1437 ob
1600 1405 1709 1436 rem
1736 1386 1777 1436 si
1811 1386 1901 1437 Sol
1925 1385 2120 1436 interea
2147 1384 2455 1435 sensibiliter

315 1474 397 1524 vel
435 1474 500 1523 ab
537 1472 804 1524 horizonte
843 1474 1066 1536 recedat,
1096 1474 1174 1525 vel
1204 1474 1272 1524 ad
1301 1474 1522 1525 eundem
1548 1473 1774 1535 accedat,
1816 1473 1891 1523 vis
1933 1472 2068 1525 Solis
2095 1471 2160 1523 ad
2185 1491 2326 1523 mare
2352 1472 2455 1524 ele-

315 1561 541 1612 vandum
578 1561 659 1612 vel
698 1574 895 1613 crescet
931 1563 1254 1625 sensibiliter,
1295 1563 1376 1614 vel
1409 1563 1697 1624 decrescet3
1738 1581 1802 1613 ex
1829 1582 1932 1631 quo
1959 1563 2085 1613 dum
2112 1563 2264 1613 Luna
2288 1581 2453 1630 prope

317 1650 667 1701 meridianum
705 1651 892 1712 existit,
933 1651 1047 1702 fieri
1082 1661 1271 1718 potest,
1313 1662 1370 1703 ut
1406 1662 1579 1703 tamen
1614 1670 1756 1702 mare
1783 1652 2062 1703 etiamnum
2089 1652 2332 1715 elevetur,
2374 1653 2455 1704 vel

314 1741 446 1792 adeo
479 1743 592 1810 jam
633 1741 954 1809 deprimatur
994 1762 1025 1793 a
1053 1743 1188 1794 Sole.
1265 1743 1350 1794 Ex
1389 1743 1469 1794 his
1513 1744 1670 1814 igitur
1708 1743 2037 1811 perspicuum
2083 1752 2161 1793 est
2204 1761 2455 1795 summam

311 1834 467 1884 maris
494 1833 816 1884 altitudinem
843 1833 1040 1884 tardius
1077 1852 1164 1884 seu
1190 1844 1309 1901 post
1334 1834 1605 1884 transitum
1642 1834 1810 1885 Lunae
1834 1851 1929 1901 per
1954 1832 2296 1884 meridianum
2322 1833 2454 1884 acci-

313 1920 435 1973 dere
479 1923 682 1985 debere,
727 1923 769 1974 si
811 1942 873 1974 eo
913 1933 1151 1997 tempore
1196 1923 1285 1975 Sol
1326 1923 1390 1973 ab
1429 1922 1697 1974 horizonte
1739 1922 1964 1985 accedat,
2006 1921 2060 1972 id
2101 1922 2241 1991 quod
2286 1921 2455 1972 evenit

311 2013 491 2064 diebus
541 2013 863 2064 novilunium
913 2024 963 2064 et
1012 2014 1353 2082 plenilunium
1402 2012 1828 2080 praecedentibUS.
1945 2010 2141 2062 Contra
2190 2021 2357 2061 autem
2412 2011 2453 2061 si

313 2103 466 2155 Luna
502 2114 620 2172 post
660 2104 835 2155 Solem
872 2122 967 2172 per
1004 2104 1346 2154 meridianum
1385 2113 1625 2164 transeat,
1666 2102 1823 2171 idque
1848 2101 1929 2152 vel
1967 2111 2085 2153 ante
2120 2101 2252 2152 Solis
2280 2111 2452 2151 ortum

308 2194 391 2245 vel
429 2207 547 2245 ante
585 2212 858 2256 occasum3
897 2203 1023 2256 tum,
1065 2194 1185 2263 quia
1222 2211 1362 2244 mare
1401 2193 1454 2242 in
1481 2192 1699 2243 transitu
1728 2192 1896 2243 Lunae
1932 2209 2027 2259 per
2052 2189 2398 2241 meridianum
2422 2207 2454 2240 a

306 2283 358 2332 vi
399 2282 533 2334 Solis
573 2282 896 2351 deprimitur,
936 2282 1218 2333 maximam
1255 2281 1437 2332 habuit
1470 2281 1796 2333 altitudinem
1822 2292 1940 2333 ante
1965 2281 2243 2349 appulsum
2284 2279 2453 2333 Lunae

310 2372 377 2422 ad
412 2373 772 2437 meridianum,
813 2373 868 2423 id
896 2373 1038 2442 quod
1076 2373 1329 2443 contingit
1355 2372 1535 2423 diebus
1567 2372 1890 2423 novilunium
1925 2372 2336 2440 pleniluniumve
2375 2388 2452 2422 se-

305 2464 600 2532 ‘quentibus.
681 2463 910 2523 Quando
936 2473 1107 2515 autem
1139 2464 1229 2515 Sol
1256 2464 1427 2531 ipsum
1452 2461 1775 2513 horizontem
1800 2472 2033 2529 occupat,
2065 2460 2193 2511 dum
2220 2459 2373 2511 Luna
2397 2444 2452 2509 in
2509 2443 2514 2451 ι

307 2553 594 2604 meridiano
619 2564 866 2617 versatur,
908 2564 1018 2605 tum
1055 2554 1254 2606 etiamsi
1293 2552 1537 2604 distantia
1565 2552 1697 2604 Solis
1724 2551 1788 2602 ab
1814 2550 2081 2602 horizonte
2106 2567 2358 2618 perquam
2385 2548 2452 2599 sit

304 2647 579 2710 mutabiliS,
620 2656 796 2699 tamen
834 2646 951 2698 cum
989 2646 1287 2698 elevationis
1323 2647 1399 2696 vis
1426 2644 1678 2714 quadrato
1717 2642 1857 2695 sinus
1895 2641 2179 2693 altitudinis
2222 2640 2356 2692 Solis
2384 2639 2450 2690 sit

303 2736 720 2804 proportionalis,
751 2736 891 2806 quod
917 2737 1128 2788 omnino
1155 2735 1427 2796 evanescit,
1465 2734 1620 2785 etiam
1644 2733 1745 2783 hoc
1772 2751 1893 2784 casu
1918 2732 2143 2782 maxima
2170 2748 2319 2799 aquae
2346 2729 2449 2780 ele·

303 2828 441 2877 vatio
480 2827 535 2877 in
575 2828 746 2896 ipsum
787 2827 955 2878 Lunae
999 2846 1092 2895 per
1131 2826 1477 2878 meridianum
1512 2825 1786 2877 transitum
1824 2824 2032 2886 incidet,
2074 2823 2261 2892 hicque
2301 2839 2448 2872 casus

306 2916 442 2968 circa
467 2916 808 2985 quadraturas
834 2916 1166 2967 luminarium
1192 2916 1365 2967 locum
1390 2913 1564 2966 habet.

376 3012 413 3073 ᾗ.
444 3014 528 3059 62.
570 3007 646 3060 Ut
682 3008 839 3076 igitur
877 3008 1178 3069 innotescat,
1222 3017 1489 3077 quamtum
1526 3005 1661 3058 vires
1703 3002 1822 3055 cum
1863 3004 1997 3056 Solis
2035 3000 2145 3053 tum
2185 3001 2354 3053 Lunae
2380 3000 2447 3053 ad
2515 3004 2528 3057 {-

303 3116 444 3148 mare
482 3097 792 3149 elevandum
829 3097 951 3149 dato
977 3109 1209 3166 tempore
1247 3099 1328 3149 vel
1354 3107 1586 3149 crescant
1609 3096 1691 3148 vel
1717 3095 2031 3157 decrescant,
2060 3093 2186 3145 dum
2213 3093 2278 3144 ab
2304 3092 2446 3166 hori·

304 3197 453 3238 zonte
496 3188 873 3257 aliquantillum
915 3188 995 3239 vel
1042 3188 1306 3252 recedunt,
1358 3188 1441 3240 vel
1489 3188 1556 3239 ad
1600 3186 1823 3238 eundem
1872 3184 2139 3248 accedunt,
2190 3201 2446 3252 ponamus
2510 3189 2528 3243 ’ζ

309 3277 481 3328 Solem
521 3278 792 3328 Lunamve
835 3278 888 3328 in
928 3278 974 3330 L
1011 3278 1219 3339 versari,
1272 3287 1424 3347 atque
1472 3277 1593 3328 inde
1643 3275 1709 3326 ad
1756 3285 2008 3342 punctum
2056 3272 2328 3325 meridiani
2379 3271 2445 3323 M

305 3367 564 3436 progredi.
642 3368 996 3435 Tempusculo
1022 3387 1147 3439 ergo
1171 3387 1266 3437 per
1292 3369 1539 3439 angulum
1566 3367 1614 3419 L
1638 3366 1719 3418 Pl
1744 3392 1802 3409 =
1826 3366 1860 3417 d
1881 3373 1901 3416 θ
1926 3373 2295 3435 repraesentato
2320 3381 2443 3431 pro·
2519 3368 2523 3370 ’

306 3455 570 3525 gredietur
609 3457 762 3508 Luna
788 3458 868 3508 vel
897 3457 987 3510 Sol
1025 3477 1090 3509 ex
1130 3458 1176 3509 L
1215 3460 1269 3509 in
1303 3459 1322 3510 l
1354 3469 1508 3528 atque
1533 3458 1597 3509 ab
1622 3457 1890 3509 horizonte
1917 3457 2263 3509 removebitur
2287 3455 2445 3505 inter-

307 3542 442 3593 vallo
470 3543 516 3593 L
541 3543 574 3593 h
596 3564 607 3594 ε
649 3545 715 3595 ad
742 3546 881 3614 quod
920 3547 1286 3598 inveniendum
1313 3548 1378 3599 sit
1404 3557 1459 3598 ut
1484 3544 1602 3597 ante
1629 3546 1805 3615 anguli
1833 3545 1898 3597 M
1925 3545 1969 3597 P
1996 3546 2044 3597 L
2071 3545 2277 3598 cosinus
2311 3566 2367 3587 =
2402 3549 2439 3603 t,

1956 3631 2125 3695 ÷dt
2254 3630 2419 3693 -dt

2253 3698 2435 3725 -Ρ,

1844 3702 2220 3770 “U—TITU-
2361 3714 2412 3765 T

310 3826 377 3859 ex
396 3826 499 3878 quo
519 3808 712 3860 orietur
731 3811 906 3880 anguli
928 3811 992 3863 M
1016 3812 1060 3864 P
1079 3811 1097 3863 l
1115 3813 1319 3864 cosinus
1346 3831 1396 3859 =
1425 3818 1446 3861 t
1473 3817 1524 3871 ÷
1553 3809 1588 3861 d
1608 3820 1628 3861 t
1641 3833 1702 3856 =
1717 3818 1739 3860 t
1766 3816 1817 3870 ÷
1845 3808 1896 3860 T
1911 3722 2001 3858 d(0.
2032 3808 2086 3860 Si
2097 3714 2212 3876 jam)
2222 3815 2444 3875 ponatur

308 3676 360 3717 et
384 3666 524 3717 sinus
563 3688 613 3713 =
649 3668 716 3731 T,
756 3654 953 3738 eritque
981 3671 1088 3739 ipse
1115 3670 1333 3742 angulus
1360 3670 1407 3722 L
1438 3669 1483 3721 P
1507 3668 1526 3719 l
1561 3688 1612 3715 =
1647 3668 1682 3720 d
1708 3674 1729 3718 θ
1762 3689 1812 3715 --.
