2528 4172
196 276 300 322 296
611 265 1054 332 INQUISITIO
1096 263 1436 318 PHYSICA
1474 262 1557 314 IN
1597 257 1920 314 CAUsAM

190 413 370 483 regula
394 414 629 482 superior
653 431 685 463 a
710 409 950 462 distantia
993 409 1126 462 Solis
1151 427 1182 460 a
1205 408 1493 461 meridiano
1529 406 1690 475 petita
1715 404 1866 456 simul
1890 404 1957 455 ad
1982 402 2324 455 differentiam

192 503 594 555 ascensionalem
624 502 757 554 Solis
785 511 836 552 et
862 501 1030 552 Lunae
1054 509 1226 569 potest
1245 498 1639 560 accommodari,
1669 497 1740 547 ita
1758 506 1816 547 ut
1834 505 2038 547 maneat
2061 494 2324 546 invariata.

195 592 301 645 Sed
325 592 393 644 ad
413 607 643 661 praesens
669 590 976 652 institutum,
999 608 1101 659 quo
1126 598 1328 640 tantum
1347 587 1613 639 veritatem
1634 603 1804 637 causae
1822 584 1994 636 fluxus
2014 602 2073 635 ac
2100 584 2326 635 refluxus

190 680 345 732 maris
371 679 616 731 exhibitae
642 678 907 731 declarare
934 677 1231 739 annitimur,
1271 693 1378 727 non
1404 694 1535 744 opus
1561 683 1639 726 est
1663 673 1776 725 haec
1809 672 2044 741 pluribus
2069 673 2324 742 persequi,

192 770 382 838 quippe
407 786 523 838 quae
547 768 874 836 potissimum
899 767 966 819 ad
993 766 1400 819 accuratissimas
1425 763 1580 816 aestus
1605 764 1790 815 marini
1816 764 2016 815 tabulas
2043 771 2326 832 supputan-

192 858 283 909 das
306 858 583 925 pertinent,
606 871 824 927 quae·res
849 858 904 909 in
927 856 1193 927 proposita
1215 875 1318 925 qua
1333 856 1497 907 stione
1523 854 1880 907 illustrissimae
1902 854 2200 905 Academiae
2219 870 2326 904 non

195 945 445 999 contineri
469 946 688 998 videtur.

1103 1192 1403 1209 ”muwv

912 1381 1202 1443 CAPUT
1245 1379 1618 1441 SEXTUM.

389 1566 489 1625 De
517 1585 651 1626 vero
681 1576 823 1626 cestu
851 1568 1071 1637 Mari&
1114 1576 1387 1645 quatenus
1414 1565 1452 1626 a*
1484 1568 1687 1627 Terris
1715 1586 1829 1625 non
1858 1567 2138 1624 turbatur.

190 1779 227 1840 §.
259 1780 342 1830 71.
373 1752 561 1846 QUAE
587 1775 836 1826 hactenus
863 1793 929 1826 ex
953 1775 1147 1826 viribus
1178 1775 1313 1827 Solis
1340 1794 1399 1826 ac
1426 1775 1594 1826 Lunae
1620 1774 1756 1825 circa
1781 1782 1965 1824 aestum
1990 1769 2145 1821 maris
2170 1766 2332 1820 fusius

190 1861 519 1926 deduximus,
549 1860 607 1914 ea
635 1861 909 1931 hypothesi
934 1863 1184 1925 nituntur,
1214 1861 1455 1924 assumta,
1496 1881 1598 1931 qua
1630 1879 1816 1930 aquam
1841 1859 2042 1911 inertiae
2068 1867 2334 1926 expertem

189 1952 487 2019 posuimus:
528 1951 865 2020 quamobrem
901 1970 1009 2002 non
1047 1961 1125 2003 est
1160 1951 1457 2002 mirandum
1495 1950 1537 2002 si
1573 1949 1807 2018 plerique
1846 1949 2055 2000 effectus
2090 1945 2335 2017 assignati

190 2058 308 2090 cum
332 2039 689 2109 phaenomenis
715 2038 884 2090 minus
911 2048 1216 2111 congruant,
1256 2049 1411 2109 atque
1437 2038 1567 2090 adeo
1592 2056 1827 2108 pugnare
1853 2037 2125 2087 videantur
2140 2054 2154 2096 3
2194 2032 2336 2104 quod

191 2130 233 2181 si
258 2131 397 2181 enim
430 2130 566 2181 inter
591 2149 645 2181 se
681 2148 894 2198 prorsus
921 2131 1269 2194 convenirent,
1310 2130 1511 2182 theoria
1535 2149 1643 2181 non
1670 2127 1833 2181 solum
1861 2147 1967 2179 non
1994 2146 2055 2178 eo
2083 2143 2336 2177 consensu

190 2221 599 2284 confirmaretur,
630 2221 720 2273 sed
746 2219 919 2289 potius
946 2222 1158 2272 omnino
1179 2221 1577 2283 subverteretur,
1606 2218 1727 2271 cum
1749 2218 1963 2288 quilibet
1981 2216 2127 2268 facile
2148 2233 2336 2286 agnos-

190 2318 273 2360 cat
308 2311 375 2360 ob
413 2328 562 2379 aquae
599 2310 841 2361 inertiam,
873 2309 1384 2361 determinationibus
1422 2309 1664 2361 exhibitis
1702 2308 1967 2379 ingentem
1992 2305 2330 2356 mutationem

190 2398 367 2450 inferri
393 2400 597 2451 debere.
674 2399 811 2461 Quae
836 2410 1006 2451 autem
1033 2419 1099 2451 ex
1125 2400 1358 2451 deductis
1385 2398 1802 2450 conclusionibus
1828 2395 2052 2447 maxime
2078 2395 2143 2446 ab
2169 2412 2328 2462 expe-

193 2486 375 2538 rientia
413 2487 739 2550 dissentiunt,
780 2489 1105 2556 potissimum
1131 2488 1469 2557 quantitatem
1496 2486 1794 2538 elevationis
1821 2504 1969 2554 aquae
1995 2503 2055 2535 ac
2088 2482 2335 2550 temporis

192 2589 531 2641 momentum,
573 2598 675 2649 quo
711 2590 820 2630 tam
857 2598 1058 2630 summa
1093 2580 1247 2630 maris
1283 2578 1500 2630 elevatio
1527 2576 1683 2647 quam
1719 2576 1823 2626 ima
1848 2573 2111 2642 depressio
2137 2572 2337 2623 contin-

191 2686 315 2737 gere
358 2667 502 2730 solet,
548 2668 842 2737 respiciunt.
920 2668 1192 2738 Nusquam
1235 2668 1376 2719 enim
1418 2667 1508 2718 ubi
1554 2666 1765 2736 quidem
1809 2682 1952 2715 mare
1997 2672 2074 2714 est
2115 2662 2337 2713 liberum

194 2766 347 2825 atque
374 2766 625 2825 apertum,
655 2766 760 2808 tam
786 2757 1033 2828 exiguum
1057 2756 1333 2808 discrimen
1358 2757 1492 2807 inter
1516 2756 1717 2806 fluxum
1743 2772 1802 2805 ac
1827 2753 2085 2804 refluxum
2110 2752 2164 2802 in
2190 2770 2338 2821 aquae

195 2847 461 2898 altitudine
488 2848 805 2911 observatur,
834 2848 985 2918 quale
1009 2848 1062 2899 in
1088 2847 1502 2916 praecedentibus
1528 2845 1874 2907 definivimus,
1904 2853 2125 2913 quatuor
2146 2842 2341 2894 scilicet

195 2938 389 3005 pedum
424 2947 652 3000 tantum3
694 2958 810 3009 quae
848 2939 1063 2991 elevatio
1100 2939 1313 3008 insuper
1349 2948 1522 2990 tamen
1548 2937 1774 2989 maxima
1799 2946 1877 2988 est
1902 2934 2237 3003 deprehensa,
2277 2952 2338 2985 ac

197 3039 308 3079 tum
345 3028 512 3080 solum
550 3029 786 3092 oriunda,
816 3030 1024 3099 quando
1060 3039 1171 3081 tum
1208 3029 1352 3100 regio
1376 3047 1541 3098 prope
1566 3037 1881 3097 aequatorem
1919 3034 1996 3076 est
2033 3024 2160 3086 sita,
2184 3020 2338 3093 quam

198 3116 333 3166 vires
363 3117 694 3167 luminarium
729 3117 864 3169 inter
889 3136 943 3169 se
968 3116 1192 3168 maxime
1219 3118 1531 3186 conspirant.
1607 3106 1940 3185 Experientia
1968 3131 2189 3181 namque
2216 3130 2339 3163 con-

202 3212 317 3264 stat,
345 3203 606 3272 plerisque
631 3204 685 3253 in
709 3203 850 3266 locis,
889 3204 932 3254 si
968 3214 1122 3256 aestus
1149 3205 1413 3276 contingat
1437 3203 1708 3265 maximus,
1737 3220 1924 3271 aquam
1948 3219 2054 3251 non
2079 3198 2248 3252 solum
2271 3198 2340 3251 ad

202 3291 522 3346 altitudinem
544 3295 704 3364 duplo
729 3296 993 3365 majorem,
1023 3295 1110 3347 sed
1140 3296 1293 3346 etiam
1319 3294 1678 3365 quadruplam,
1716 3290 1822 3343 imo
1847 3290 2109 3342 nonnullis
2134 3290 2188 3341 in
2212 3285 2340 3354 locis

202 3379 332 3431 adeo
369 3382 640 3451 decuplam
677 3384 872 3446 attolli3
915 3402 1209 3454 quanquam
1246 3384 1360 3435 haec
1398 3383 1620 3435 enormis
1647 3381 1861 3432 elevatio
1886 3399 1992 3432 non
2018 3380 2113 3431 soli
2142 3369 2353 3451 inerti?
2405 3408 2412 3419 ·
2490 3399 2503 3415 ὣ

203 3486 367 3537 aquae,
408 3470 499 3520 sed
536 3472 818 3522 maximam
854 3482 1057 3540 partem
1083 3473 1250 3523 vicino
1276 3471 1560 3524 continenti
1593 3489 1653 3521 ac
1677 3470 1909 3522 littorum
1935 3469 2054 3521 situi
2080 3478 2155 3520 est
2179 3464 2371 3520 trlbu-

205 3555 354 3618 enda,
400 3558 475 3607 uti
517 3558 570 3607 in
617 3561 851 3630 sequenti
898 3561 1082 3629 Capite
1126 3561 1404 3613 clarissime
1450 3560 1837 3611 monstrabitur.
1929 3558 2139 3611 Deinde
2189 3557 2343 3609 etiam

207 3648 349 3719 quod
372 3648 438 3700 ad
465 3659 668 3716 tempus
694 3653 890 3715 attinet,
930 3644 1191 3722 nusquam
1218 3652 1317 3703 illis
1351 3652 1472 3721 ipsis
1498 3652 1787 3713 momentis,
1816 3669 1932 3720 quae
1958 3649 2341 3720 assignavimus,

206 3740 379 3791 fluxus
406 3757 466 3790 ac
491 3739 719 3790 refluxus
746 3760 975 3810 unquam
1017 3741 1338 3812 contingunt,
1384 3759 1478 3791 nec
1518 3741 1669 3793 etiam
1694 3739 2082 3809 tempestatibus
2105 3735 2193 3789 hic
2218 3735 2347 3788 defi-

208 3827 327 3879 nitis
364 3827 537 3879 fluxus
577 3826 790 3878 maximi
830 3829 910 3878 vel
956 3829 1169 3891 minimi,
1219 3829 1310 3881 sed
1349 3829 1541 3898 ubique
1577 3827 1773 3880 tardius
1813 3827 2018 3880 evenire
2053 3830 2347 3877 constanter
