2528 4172
742 270 744 272 ’
759 261 861 315 ΕΤ
901 260 1323 314 REFLUXUS
1363 259 1476 312 MA
1488 258 1629 311 RIS.
2154 259 2258 306 219

966 440 1258 494 LEMMA
1303 442 1408 493 III.

188 586 450 639 Ponamus
487 586 768 656 particulas
808 604 1086 653 corporum
1124 584 1302 638 versus
1341 604 1395 636 se
1430 584 1612 636 mutuo
1647 584 1903 656 gravitare
1938 584 2131 637 viribus
2164 584 2256 637 de-

111 678 463 729 crescentibus
501 679 556 728 in
593 676 796 728 inversa
823 676 1083 744 duplicata
1109 677 1310 729 ratione
1334 677 1692 728 distantiarum
1718 697 1747 728 a
1773 695 1827 728 se
1851 677 2087 740 invicem,
2128 676 2256 728 sint-

111 785 210 835 que
238 767 283 818 P
309 768 361 819 A
388 767 436 819 E
462 786 508 831 a,
539 768 584 819 P
612 767 658 818 B
685 766 729 818 F
754 767 789 818 b
815 766 1004 818 similes
1029 786 1125 837 py-

111 855 331 906 ramides
355 855 439 907 vel
463 847 593 933 coni⁴
618 874 683 908 ex
709 856 923 908 materia
949 857 1125 927 hujus·
1734 900 1783 949 B
2144 843 2206 895 Α

110 944 252 994 modi
276 943 598 1016 homogenea
617 946 905 1015 compositi,
928 948 1127 1017 eritque
1264 902 2240 1075 Ἦ

109 1034 332 1102 gravitas
379 1034 649 1103 particulae
701 1031 748 1088 P
795 1037 850 1096 in
900 1037 1124 1089 solidum
1200 999 1253 1051 'P
1744 1062 1795 1113 b
2162 1080 2201 1112 a

112 1121 158 1172 P
178 1121 229 1171 A
249 1121 296 1173 E
315 1140 347 1174 a
365 1122 432 1173 ad
447 1123 756 1192 gravitatem
772 1124 1003 1193 ejusdem
1018 1135 1140 1194 par·
1362 1147 1365 1152 ·

107 1209 279 1260 ticulae
303 1210 358 1260 in
383 1210 610 1277 solidum,
636 1212 681 1264 P
708 1211 757 1264 B
785 1212 831 1264 F
854 1212 890 1264 b
916 1222 974 1265 ut
999 1213 1045 1265 P
1064 1212 1117 1265 A
1135 1212 1202 1265 ad
1230 1212 1274 1265 P
1293 1213 1357 1275 Β,
1384 1211 1467 1264 vel
1491 1221 1549 1263 ut
1572 1210 1852 1284 homologa
1872 1213 2064 1283 quaevis
2091 1213 2254 1265 latera

112 1300 300 1352 horum
326 1301 626 1354 solidorum.
715 1294 718 1296 v

185 1392 428 1444 Gravitas
454 1394 594 1445 enim
616 1393 887 1462 particulae
925 1393 972 1446 P
994 1394 1049 1444 in
1075 1391 1403 1463 superficiem
1428 1390 1660 1462 quamvis
1686 1392 1738 1443 A
1765 1392 1813 1444 E
1839 1412 1871 1443 a
1896 1392 1946 1444 A
1982 1403 2178 1461 puncto
2207 1393 2253 1445 P

104 1484 489 1535 concentricam
525 1493 605 1536 est
639 1494 699 1536 ut
736 1484 1034 1553 superficies
1068 1483 1186 1535 haec
1221 1481 1416 1547 directe
1442 1492 1494 1534 et
1518 1482 1828 1552 quadratum
1852 1482 1986 1533 radii
2024 1483 2069 1534 P
2096 1484 2146 1533 A
2171 1483 2252 1534 in-

7 1618 18 1625 „
103 1569 267 1633 verse,
285 1570 536 1641 *adeoque
561 1581 640 1623 est
665 1590 871 1641 semper
895 1571 1076 1624 eadem
1100 1571 1154 1622 in
1179 1570 1359 1641 quavis
1384 1570 1626 1623 distantia
1655 1570 1699 1621 P
1726 1570 1793 1622 A.
1871 1570 2050 1631 Quare
2081 1572 2255 1642 gravi-

0 1655 13 1671 ‘
101 1657 180 1710 tas
205 1659 473 1726 particulae
502 1659 547 1711 P
572 1657 752 1711 versus
778 1669 944 1712 totum
971 1660 1194 1712 solidum
1222 1659 1267 1712 P
1288 1659 1340 1711 A
1361 1659 1408 1710 E
1423 1678 1454 1710 a
1479 1659 1577 1710 erit
1601 1658 1666 1710 ad
1692 1658 1997 1730 gravitatem
2022 1661 2251 1728 ejusdem

99 1748 371 1817 particulae
398 1748 577 1801 versus
603 1759 771 1801 totum
797 1749 1021 1801 solidum
1049 1749 1094 1801 P
1114 1749 1161 1801 B
1184 1747 1229 1800 F
1247 1749 1282 1800 b
1307 1759 1366 1800 ut
1393 1748 1437 1800 P
1458 1749 1509 1799 A
1536 1747 1603 1798 ad
1630 1747 1675 1799 P
1698 1747 1760 1799 B.

184 1840 299 1891 Cor.
332 1847 377 1891 1.
423 1841 570 1891 Hinc
595 1840 870 1911 gravitates
897 1841 1083 1910 quibus
1105 1838 1375 1908 particulae
1402 1838 1635 1889 similiter
1661 1837 1771 1889 sitae
1797 1846 2036 1906 respectu
2063 1836 2253 1887 solido-

100 1946 220 1979 rum
247 1928 494 1979 similium
524 1938 576 1979 et
599 1927 1043 2000 homogeneorum
1066 1928 1245 1980 versus
1270 1927 1384 1978 haec
1411 1926 1576 1978 solida
1609 1936 1877 1996 urgentur,
1915 1936 2035 1977 sunt
2067 1935 2125 1976 ut
2149 1925 2253 1977 dis-

104 2018 280 2069 tantiae
316 2017 690 2086 particularum
729 2038 759 2069 a
794 2019 999 2086 punctis
1036 2019 1272 2069 similiter
1297 2018 1405 2070 sitis
1444 2017 1498 2067 in
1535 2017 1657 2085 ipsis
1686 2016 1876 2079 solidis,
1905 2017 1985 2067 vel
2011 2028 2068 2068 ut
2092 2017 2256 2069 latera

101 2106 296 2176 quaevis
334 2106 620 2157 solidorum
657 2106 951 2178 homologa.
1029 2107 1240 2176 Quippe
1276 2106 1391 2158 haec
1429 2105 1595 2157 solida
1624 2105 1812 2157 resolvi
1848 2116 2067 2174 possunt
2092 2106 2146 2156 in
2184 2107 2253 2157 si-

98 2194 246 2246 miles
276 2213 435 2246 conos
468 2194 552 2246 vel
590 2195 902 2264 pyramides,
942 2196 1023 2246 vel
1059 2195 1244 2247 similia
1279 2194 1469 2246 horum
1493 2193 1670 2257 frusta,
1709 2210 1826 2264 quae
1850 2194 2066 2246 vertices
2091 2194 2253 2246 habe-

6 2354 7 2357 Ἴ
96 2283 229 2348 bunt
252 2285 307 2335 in
331 2284 596 2353 particulis
626 2285 1015 2354 gravitantibus.

102 2465 178 2533 (²⁸⁴)
236 2464 380 2535 quod
429 2465 472 2516 si
523 2465 746 2516 annulus
796 2467 1067 2536 ellipticus,
1120 2465 1301 2538 figuris

99 2646 235 2698 circa
261 2667 413 2699 axem
440 2647 744 2699 alterutrum
779 2645 1090 2709 revolvatur,
1129 2647 1301 2717 gravi-

97 2748 259 2789 tatem
284 2738 554 2806 particulae
578 2738 714 2788 intra
733 2734 957 2787 solidum
977 2734 1050 2785 sic
1068 2734 1301 2804 genitum

0 2866 23 2883 .
102 2828 233 2890 sitae,
273 2827 353 2878 vel
379 2828 433 2877 in
465 2826 696 2877 interiori
722 2826 829 2894 ejus
856 2822 1127 2891 superficie
1159 2821 1299 2889 posi-

0 2907 33 3015 ξεῖ
98 2925 186 2979 tae,
214 2915 392 2968 versus
420 2916 521 2968 hoc
548 2916 769 2967 solidum
797 2931 1133 2973 evanescere3
1170 2931 1299 2981 quo-

98 3096 232 3149 libus
261 3107 312 3149 et
337 3097 568 3148 similiter
591 3095 772 3164 positis
799 3103 1052 3155 occurrat,
1081 3093 1300 3162 aequalia

3 3180 26 3231 ’ἶ
101 3204 304 3254 semper
346 3183 504 3237 erunt
540 3196 696 3237 rectae
748 3193 1012 3255 segmenta
1063 3193 1295 3234 extrema

102 3293 219 3343 quae
246 3274 311 3325 ab
339 3274 602 3342 efflpsibus
627 3274 1027 3342 intercipiuntur
1045 3275 1125 3340 (ut
1148 3270 1297 3323 facile

102 3365 395 3417 ostenditur
431 3385 497 3417 ex
538 3365 723 3417 natura
762 3366 950 3417 harum
989 3361 1297 3434 figurarum)

50 3458 81 3523 ξς
103 3454 338 3524 adeoque
363 3455 495 3505 vires
522 3441 743 3524 aequales
770 3466 821 3507 et
839 3453 1093 3523 oppositae
1118 3453 1172 3502 in
1196 3451 1298 3502 hoc

38 3529 89 3618 'v
101 3559 223 3593 casu
250 3561 304 3593 se
329 3540 509 3593 mutuo
536 3542 819 3594 destruent.
896 3542 1041 3593 Hinc
1066 3539 1190 3592 vero
1219 3558 1297 3590 se-

101 3632 274 3695 quitur
294 3629 434 3701 quod
454 3631 567 3682 si·A
590 3631 636 3683 B
654 3651 684 3682 a
701 3631 736 3682 b
757 3632 822 3683 sit
841 3631 1089 3701 sphaerois
1115 3630 1290 3699 genita

175 2377 290 2428 Cor.
345 2382 395 2426 2.
462 2375 610 2427 Hinc
663 2376 818 2427 etiam
865 2375 1014 2429 facile
1064 2377 1295 2446 sequitur

101 2556 353 2608 similibus
392 2556 448 2609 D
473 2556 519 2607 B
540 2575 570 2607 a
589 2556 640 2619 b,
689 2556 745 2608 D
763 2573 797 2607 n
818 2556 853 2608 d
880 2555 934 2609 N
977 2557 1296 2619 terminatus,

99 3006 239 3058 niam
264 3007 307 3058 si
332 3018 472 3059 recta
492 3007 687 3077 quaevis
708 3004 972 3073 ellipsibus
998 3002 1140 3053 hisce
1161 3002 1300 3053 simi-
1384 3017 1398 3033 ··

688 3803 753 3856 (*)
776 3804 867 3845 vid.
893 3806 1022 3847 Newt.
1048 3808 1135 3847 Lib.
1163 3809 1195 3848 Ι.
1225 3810 1340 3860 Pror-
1367 3812 1488 3852 XCI.
1525 3814 1612 3854 Cor.
1636 3822 1675 3857 3.
