2528 4172
252 265 353 308 330
665 253 1105 317 INQUISITIO
1149 251 1487 305 PHYSICA
1525 253 1608 303 IN
1648 246 1969 305 CAUSAM

247 400 603 468 depressiones
629 417 776 468 aquae
812 416 907 466 per
939 406 1105 448 totum
1129 415 1271 448 mare
1297 394 1487 455 attente
1513 395 1932 448 considerentur:
1972 404 2080 448 tota
2105 397 2240 448 enim
2262 396 2376 448 haec

245 492 461 559 quaestio
485 489 762 558 pertinebit
787 489 855 539 ad
885 487 1308 557 hydrostaticam.

315 586 353 648 ᾧ.
404 589 519 647 1,14«.
587 578 723 631 Cum
775 579 934 650 igitur
975 578 1043 630 ad
1085 579 1258 630 littora
1313 578 1543 645 Europae
1585 596 1719 647 aqua
1762 577 1948 628 elevari
1991 586 2228 647 nequeat,
2274 576 2375 627 nisi

243 673 459 723 affluxus
486 672 551 722 ab
578 671 844 722 occidente
869 671 960 722 fiat
986 670 1242 738 copiosus,
1282 668 1350 720 ad
1383 669 1558 720 littora
1581 687 1697 738 quae
1722 666 1899 719 versus
1927 668 2246 719 occidentem
2270 686 2376 718 res-

241 763 438 831 piciunt
473 781 607 832 aqua
643 760 834 813 directe
873 762 938 813 ab
975 762 1243 813 occidente
1280 759 1532 822 adveniet,
1572 779 1688 830 quae
1725 769 1896 812 autem
1932 761 2105 812 littora
2131 760 2197 810 ad
2222 759 2374 811 aliam

239 852 448 923 plagam
485 862 604 904 sunt
640 852 902 921 disposita,
941 870 1090 921 aquae
1128 869 1308 902 cursus
1346 848 1524 902 versus
1562 849 1813 902 orientem
1838 851 2063 902 directus
2088 850 2376 901 inflectetur

232 944 382 1011 juxta
416 943 606 1006 littora,
646 943 945 1013 priusquam
982 941 1045 994 οὸ
1081 942 1358 1011 pertingat,
1404 941 1616 991 omnino
1657 941 1734 993 uti
1774 941 2026 1009 inspectio
2068 959 2374 1009 mapparum

240 1032 460 1084 docebit.
528 1034 791 1094 Quoniam
815 1033 939 1084 vero
965 1033 1063 1084 iste
1089 1051 1237 1103 aquae
1256 1034 1407 1101 juxta
1430 1031 1604 1083 littora
1627 1031 1799 1083 fluxus
1824 1042 2019 1084 tantam
2046 1032 2370 1094 celeritatem,

240 1131 483 1190 quantam
519 1122 676 1174 habet
714 1122 883 1185 Luna,
923 1108 1153 1191 recipere
1189 1120 1384 1190 nequit,
1426 1139 1636 1172 necesse
1673 1130 1766 1184 est,
1805 1130 1864 1172 ut
1896 1122 2068 1172 fluxus
2103 1120 2170 1172 ad
2201 1121 2374 1171 littora

237 1212 400 1281 magis
443 1212 510 1263 ad
551 1212 801 1263 orientem
845 1213 941 1263 sita
981 1209 1178 1263 tardius
1222 1209 1523 1262 advehatur.
1601 1209 1740 1261 Haec
1784 1197 1957 1262 autem
1988 1209 2164 1262 versus
2200 1210 2373 1261 littora

239 1301 567 1352 orientaliora
602 1302 881 1353 retardatio
916 1299 1141 1352 maxime
1177 1301 1452 1370 perspicua
1476 1307 1554 1352 est
1577 1300 1631 1351 in
1655 1301 1908 1368 portubus
1937 1301 2141 1364 Galliae,
2183 1301 2368 1371 Belgii,

239 1390 462 1461 Angliae,
493 1401 545 1442 et
572 1391 876 1454 Hiberniae3
904 1390 1022 1443 cum
1048 1391 1186 1443 enim
1212 1391 1278 1442 ad
1304 1390 1434 1443 ostia
1456 1390 1732 1442 fluviorum
1761 1391 2046 1445 Garumnae
2072 1400 2123 1441 et
2147 1389 2368 1460 Ligeris,

238 1499 354 1550 quae
397 1463 574 1533 versus
618 1500 869 1533 oceanum
918 1481 1287 1550 amplissimum
1329 1491 1524 1549 patent,
1577 1479 2261 1549 temporel-pleniluniorum
2310 1500 2371 1531 ac

234 1569 619 1621 noviluniorum
654 1572 825 1622 fluxus
863 1571 1143 1622 adveniunt
1179 1569 1307 1621 hora
1346 1568 1492 1621 tertia
1531 1569 1901 1638 pomeridiana,
1943 1589 2058 1639 quae
2094 1569 2371 1621 retardatio

235 1656 481 1706 naturalis
519 1658 716 1708 censeri
750 1666 936 1725 potest,
973 1675 1142 1727 neque
1177 1656 1435 1708 littoribus
1472 1656 1642 1707 adhuc
1678 1657 1913 1727 turbata3
1952 1657 2073 1707 hinc
2110 1676 2243 1726 aqua
2280 1657 2371 1708 de-

233 1762 378 1794 mum
404 1744 470 1794 ad
511 1744 685 1795 littora
727 1745 1013 1797 Britanniae
1050 1744 1275 1796 Minoris
1315 1762 1374 1795 ac
1414 1744 1750 1797 Normanniae
1791 1745 2154 1815 progreditur3
2218 1756 2371 1816 atque

234 1836 429 1887 idcirco
473 1836 554 1887 his
598 1837 652 1887 in
694 1836 991 1907 regionibus
1033 1836 1205 1887 fluxus
1249 1834 1446 1887 tardius
1492 1837 1695 1887 evenire
1738 1836 2091 1887 observantur.
2172 1837 2257 1888 Sic
2301 1836 2369 1887 ad

238 1927 457 1979 Portum
488 1928 540 1979 S.
571 1928 720 1979 Malo
746 1938 981 1997 tempore
1007 1928 1331 1999 syzygiarum
1354 1927 1525 1995 fluxus
1552 1926 1760 1978 demum
1797 1926 1925 1978 hora
1952 1925 2094 1978 sexta
2122 1927 2367 1996 sequitur,

237 2018 305 2069 ad
349 2018 479 2069 ostia
521 2017 646 2069 vero
676 2019 930 2089 Sequanae
968 2037 1131 2088 usque
1169 2017 1236 2069 ad
1271 2018 1456 2069 horam
1491 2036 1684 2068 nonam
1720 2018 2042 2069 retardatur:
2106 2028 2260 2087 atque
2300 2018 2371 2069 ita

233 2123 392 2173 porro
429 2106 708 2158 retardatio
746 2117 979 2177 augetur,
1020 2106 1186 2157 donec
1223 2106 1432 2157 tandem
1455 2105 1510 2156 in
1538 2106 1695 2158 Freto
1723 2106 1928 2158 Gallico
1952 2105 2294 2176 Dunkerquae
2321 2115 2371 2157 et

239 2199 488 2250 Ostendae
512 2198 681 2250 media
706 2210 859 2251 nocte
894 2199 1102 2250 incidat.
1180 2198 1265 2250 E'x
1289 2198 1388 2249 hac
1412 2196 1535 2250 vero
1560 2198 1905 2250 retardatione
1941 2197 2215 2249 innotescit
2239 2198 2370 2249 cele-

235 2289 359 2340 ritas
386 2310 549 2359 aquae,
580 2290 679 2361 qua
698 2292 850 2360 juxta
885 2291 1059 2342 littora
1093 2289 1439 2361 progreditur,
1480 2308 1640 2360 eaque
1672 2298 1814 2343 tanta
1839 2288 2243 2356 deprehenditur
2269 2287 2369 2358 qua

234 2379 336 2430 una
374 2379 502 2431 hora
530 2381 750 2449 spatium
778 2381 979 2432 circiter
1007 2380 1077 2449 (†)
1107 2388 1156 2432 8.
1182 2379 1478 2448 milliarium
1505 2379 1759 2431 conficiat.
1833 2379 2077 2448 Denique
2101 2398 2232 2448 aqua
2256 2388 2369 2430 tan-

234 2476 341 2517 tam
377 2468 482 2519 fere
508 2470 645 2520 viam
669 2470 931 2521 absolvere
956 2469 1111 2521 debet
1147 2488 1308 2539 usque
1333 2469 1400 2520 ad
1433 2468 1742 2532 Dublinum,
1784 2476 2029 2537 quantam
2054 2465 2122 2517 ad
2155 2466 2368 2518 Fretum

237 2556 513 2621 Gallicum,
554 2578 618 2610 ex
646 2578 747 2629 quo
772 2561 941 2611 fluxus
967 2561 1120 2611 etiam
1153 2560 1375 2612 Dublini
1399 2558 1528 2610 hora
1556 2559 1757 2610 circiter
1782 2556 1978 2609 decima
2015 2557 2367 2625 pomeridiana
2400 2583 2419 2597 ν

235 2645 498 2698 observari
523 2648 667 2699 solet.
742 2649 917 2718 Atque
942 2649 1095 2699 simili
1119 2648 1276 2700 modo
1302 2647 1580 2700 retardatio
1603 2648 1840 2698 fluxuum
1866 2645 1932 2697 ad
1955 2645 2128 2697 littora
2153 2645 2367 2697 aliarum

233 2736 504 2806 regionum
531 2738 638 2789 sine
665 2737 768 2789 ulla
796 2738 1095 2790 difficultate
1122 2737 1367 2807 explicari
1392 2737 1596 2806 poterit.

304 2829 342 2891 ᾗ.
373 2832 489 2877 115.
548 2826 708 2887 Quod
751 2836 922 2878 autem
961 2826 1028 2878 ad
1072 2827 1407 2897 quantitatem
1451 2824 1606 2877 aestus
1647 2825 1803 2876 maris
1846 2824 1913 2875 ad
1952 2823 2124 2875 littora
2167 2822 2363 2885 attinet,

231 2911 378 2964 facile
415 2914 720 2986 intelligitur
755 2925 940 2967 aestum
976 2916 1132 2967 maris
1171 2915 1237 2967 ad
1274 2916 1448 2968 littora
1480 2916 1724 2984 majorem
1752 2933 1862 2966 esse
1888 2914 2093 2976 debere,
2122 2911 2275 2983 quam
2310 2913 2366 2962 in

231 3002 403 3054 medio
445 3005 592 3056 mari.
669 3004 846 3058 Primo
884 3007 1021 3058 enim
1065 3026 1200 3077 aqua
1235 3025 1355 3058 cum
1382 3007 1587 3075 impetu
1627 3006 1693 3057 ad
1731 3006 1904 3057 littora
1939 3005 2117 3067 allidit,
2158 3022 2223 3055 ex
2260 3021 2365 3072 quo

231 3094 428 3163 allapsu
455 3096 563 3147 solo
580 3097 691 3165 jam
715 3097 1109 3149 intumescentia
1134 3098 1258 3149 oriri
1283 3097 1451 3149 debet.
1526 3096 1734 3148 Deinde
1760 3095 2003 3166 quoniam
2027 3113 2160 3164 aqua
2184 3092 2363 3145 eadem

232 3184 507 3249 celeritate,
553 3206 707 3257 quam
743 3187 968 3240 habebat
1004 3207 1217 3251 oceano,
1257 3187 1349 3239 ubi
1387 3187 1612 3238 maxima
1636 3196 1713 3238 est
1742 3184 2080 3254 profunditaS,
2119 3182 2365 3254 progredi

232 3283 462 3336 conatur,
504 3275 572 3326 ad
607 3276 781 3327 littora
815 3276 1031 3346 locaque
1066 3276 1259 3328 vadosa
1282 3272 1611 3327 vehementer
1634 3274 1961 3344 inturgescet,
2002 3281 2201 3323 tantum
2227 3270 2365 3322 enim

230 3358 337 3410 fere
364 3379 511 3431 aquae
535 3362 602 3414 ad
638 3363 813 3415 littora
837 3365 1064 3428 affertur,
1106 3373 1356 3434 quantum
1381 3363 1636 3415 sufficeret
1660 3360 1727 3412 ad
1753 3360 1990 3429 spatium,
2031 3359 2170 3429 quod
2197 3359 2364 3410 Terra

232 3460 467 3517 occupat,
495 3452 868 3505 inundandum.
922 3453 1106 3506 Tertio
1131 3455 1227 3506 iste
1251 3473 1399 3524 aquae
1423 3452 1643 3527 affluxus
1668 3452 1722 3503 in
1749 3452 1943 3503 sinibus
1968 3450 2171 3502 vadosis
2195 3448 2361 3500 multo

231 3538 404 3590 adhuc
441 3543 604 3611 magis
641 3543 926 3597 increscere
947 3544 1121 3609 debet,
1150 3544 1213 3597 eo
1240 3544 1381 3616 quod
1405 3562 1538 3614 aqua
1560 3542 1640 3593 his
1668 3543 1721 3593 in
1745 3542 1871 3594 locis
1891 3543 1999 3611 jam
2023 3541 2244 3593 multum
2270 3557 2361 3608 ap-

281 3676 345 3727 (†)
377 3677 441 3715 Ita
467 3677 610 3727 legitur
626 3679 667 3715 in
688 3681 895 3730 exemplari
918 3681 1106 3730 Parisino,
1134 3682 1270 3731 procul
1322 3678 1545 3727 rectissima,
1578 3693 1666 3730 quae
1696 3679 1800 3718 horis
1829 3682 1852 3718 7
1879 3692 1903 3717 a
1931 3678 2040 3715 fluxu
2070 3683 2359 3726 percurruntur,

227 3727 345 3767 dubio
363 3729 558 3774 mendose,
580 3731 647 3768 sed
669 3732 799 3770 locum
818 3735 1018 3772 restituere
1036 3747 1116 3773 non
1134 3747 1271 3773 sumus
1323 3734 1390 3785 qui
1410 3734 1498 3772 ideo
1518 3737 1569 3773 70
1585 3733 1763 3770 milliaria
1781 3731 1945 3783 singulis
1968 3731 2071 3768 horis
2087 3730 2135 3768 ad
2153 3730 2361 3766 minimum

226 3782 308 3819 ausi
323 3796 336 3828 ;
366 3785 414 3821 ab
441 3783 539 3820 ostio
575 3784 787 3821 Garumnae
819 3788 867 3823 ad
903 3788 1125 3825 Dublinum
1158 3789 1272 3837 quin·
1325 3787 1569 3834 emetiretur3
1607 3785 1712 3823 unde
1733 3789 1784 3823 80
1801 3784 1981 3823 milliaria
2003 3796 2074 3833 pro
2092 3788 2115 3822 8
2135 3781 2362 3821 milliaribus

227 3844 345 3884 genta
376 3835 528 3874 circiter
562 3837 698 3875 Italica
725 3837 903 3877 milliaria
931 3849 1185 3879 numerantur
1211 3840 1274 3878 via
1326 3840 1526 3879 scribenda
1543 3838 1814 3890 conjectamur.
