2528 4172
286 294 353 340 50
779 288 1343 341 PHILOSOPHIAE
1383 289 1834 344 NATURALIS
1889 292 2008 356 [Dm
2029 292 2232 345 thn.
2257 292 2409 344 SYsr.

289 431 366 484 Ut
393 431 433 482 si
459 430 720 499 aphelium
750 430 944 483 Martis
965 433 1020 483 in
1045 431 1191 484 annis
1218 443 1423 485 centum
1449 434 1686 486 conficiat
1715 436 1812 487 33'.
1841 436 1942 486 20¹²
1968 436 2024 485 in
2049 436 2413 505 consequentia

274 531 523 587 ,respectu
560 519 797 582 fixarum,
839 519 1042 588 aphelia
1079 522 1277 585 Terrae,
1319 524 1553 586 Veneris,
1596 534 1647 575 et
1674 524 1926 575 Mercurii
1951 525 2006 574 in
2031 524 2177 575 annis
2205 534 2412 576 centum

289 607 563 658 conficient
603 609 698 662 17'.
740 609 854 669 40²2
899 610 997 673 10',
1039 611 1155 672 53s',
1196 620 1247 663 et
1284 614 1349 662 4².
1387 613 1485 665 16'‘
1518 611 1814 681 respective.
1915 613 1985 664 Et
2026 612 2082 662 hi
2118 622 2304 678 motus,
2345 613 2412 664 ob

287 697 609 765 parvitatem,
638 695 970 766 negliguntur
994 698 1050 748 in
1073 697 1172 749 hac
1200 699 1578 768 Propositione.

736 923 1207 977 PROPos1T10
1249 925 1374 977 xv,
1451 883 1883 980 PROBLEMA
1922 929 1969 982 1.

813 1084 1047 1136 Invenire
1070 1084 1256 1135 orbium
1271 1087 1585 1152 principales
1610 1087 1887 1138 diametros,

361 1262 783 1331 Capiendae‘sunt
805 1261 891 1312 hae
914 1262 970 1312 in
993 1262 1194 1314 ratione
1230 1262 1683 1332 subsesquiplicatfi
1709 1273 2002 1332 temporum
2019 1264 2415 1333 periodicorum,

287 1367 381 1418 per
409 1350 566 1418 Prop.
595 1350 720 1400 XV.
751 1350 867 1401 Lib.
896 1349 940 1401 Ι.
1019 1349 1082 1418 (b)
1111 1351 1319 1402 Deinde
1344 1351 1601 1422 sigillatim
1629 1351 1879 1421 augendae
1906 1352 1960 1402 in
1985 1352 2182 1403 ratione
2208 1369 2423 1402 summae

286 1458 572 1513 massarum
631 1439 763 1492 Solis
807 1450 857 1490 et
900 1439 1124 1507 planetae
1175 1441 1418 1509 cujusque
1466 1439 1771 1491 revolventis
1825 1440 1892 1491 ad
1940 1440 2160 1508 primam
2205 1438 2424 1490 duarum

289 1527 456 1586 medie
501 1528 964 1597 proportionalium
1009 1528 1141 1579 inter
1181 1547 1433 1580 summam
1469 1528 1610 1579 illam
1653 1538 1704 1579 et
1744 1528 1934 1591 Solem,
1972 1547 2067 1597 per
2109 1530 2266 1598 Prop.
2296 1528 2420 1580 LX.

292 1616 410 1667 Lib.
439 1616 482 1667 Ι.

716 1826 1189 1880 PROPOSITIO
1228 1826 1383 1878 XVI.
1462 1825 1891 1877 PROBLEMA
1928 1826 2001 1877 ΙΙ.

777 1987 1013 2037 Invenire
1037 1987 1224 2037 orbium
1252 1986 1634 2036 eccentrz'cz'tates
1659 1994 1706 2035 et
1731 1986 1949 2051 aphelia.

367 2166 427 2233 (ο)
469 2164 747 2217 Problema
774 2167 933 2218 confit
956 2185 1051 2235 per
1079 2167 1239 2235 Prop.
1268 2166 1484 2218 XVIII.
1512 2166 1628 2218 Lib.
1659 2166 1706 2218 I.
1774 2216 1783 2224 ,

349 2322 403 2374 (b)
424 2322 572 2361 Deinde
592 2324 797 2372 sigillatim.
844 2322 936 2362 Jam
956 2321 1057 2371 capti
1077 2329 1167 2359 sunt
1185 2323 1338 2361 orbium
1391 2322 1565 2360 tersectio
1596 2326 1734 2362 horum
1765 2321 1883 2358 trium
1911 2331 2072 2357 arcuum
2101 2318 2171 2356 erit
2200 2318 2294 2355 alter
2321 2317 2431 2354 focus

294 2389 384 2414 axes
410 2377 572 2425 majores
592 2376 632 2412 in
651 2377 798 2413 ratione
822 2374 1164 2424 subsesquiplicata
1190 2383 1338 2424 tempo·
1392 2375 1579 2423 ellipseOS,
1608 2391 1685 2427 quo
1703 2377 1859 2413 invento
1877 2373 1999 2410 orbita
2016 2372 2179 2420 planetae
2199 2370 2430 2407 determina-

294 2441 382 2465 rum
410 2428 702 2476 periodicorum,
732 2427 872 2476 nempe
900 2427 1009 2465 nulla
1037 2427 1165 2465 habita
1194 2429 1339 2467 ratione
1392 2428 1508 2474 bitur,
1537 2431 1728 2480 simulque
1754 2426 1906 2465 dabitur
1933 2425 2111 2463 distantia
2136 2424 2234 2463 Solis
2258 2437 2282 2461 a
2299 2431 2430 2460 centro

294 2494 519 2526 massarum,
550 2481 713 2529 planetae
741 2480 898 2529 spectati
921 2489 1015 2518 -sunt
1041 2488 1223 2530 tanquam
1249 2482 1338 2519 toti-

297 2534 387 2572 dem
405 2541 549 2581 puncta
566 2535 607 2570 in
628 2533 824 2582 ellipsibus
842 2533 941 2570 circa
967 2534 1174 2571 immotum
1193 2534 1233 2570 in
1252 2547 1339 2570 um-

295 2587 409 2625 bilico
432 2586 530 2624 Solis
548 2594 724 2624 centrum
742 2586 983 2624 revolventia.
1034 2586 1232 2630 Quoniam
1250 2586 1340 2624 vero

296 2640 341 2678 fit
368 2647 412 2677 ut
440 2647 595 2687 propter
616 2639 714 2677 Solis
740 2647 778 2676 et
803 2639 967 2687 planetae
986 2639 1154 2676 actiones
1170 2646 1338 2686 mutuas,

299 2693 454 2741 planeta
481 2692 646 2740 ellipsim
673 2692 860 2730 describat
887 2692 998 2741 cujus
1016 2692 1126 2729 focus
1153 2700 1209 2730 est
1235 2705 1340 2730 com-

297 2758 417 2783 mune
436 2745 631 2795 gravitatis
649 2753 823 2782 centrum
843 2744 1007 2793 planetae
1026 2752 1064 2782 et
1087 2745 1195 2790 Solis,
1217 2746 1340 2795 major

298 2799 380 2837 axis
398 2798 572 2847 ellipseos
585 2798 704 2848 quam
722 2798 875 2847 planeta
893 2797 1070 2835 describit
1089 2797 1189 2835 circa
1211 2798 1340 2836 Solem

298 2851 367 2902 qui
396 2852 476 2900 ipse
504 2852 621 2888 simul
652 2851 859 2889 revolvitur
889 2849 992 2888 circa
1016 2863 1223 2888 commune
1249 2864 1337 2889 cen-

298 2913 402 2943 trum
430 2904 638 2955 gravitatis‚
666 2912 723 2942 est
747 2903 796 2942 ad
821 2916 933 2941 axem
961 2904 1146 2955 majorem
1165 2904 1341 2952 ellipseos

300 2971 419 3009 quam
438 2957 540 2995 idem
559 2957 712 3005 planeta
730 2956 829 2994 circa
853 2956 982 2994 Solem
999 2956 1258 3007 quiescentem
1277 2970 1341 2994 eo-

301 3013 390 3049 dem
417 3019 589 3060 tempore
616 3010 809 3059 periodico
828 3009 1038 3047 describere
1056 3018 1192 3058 posset,
1222 3010 1263 3046 in
1281 3023 1341 3047 ra-

301 3066 406 3102 tione
442 3077 605 3101 summae
639 3075 852 3101 massarum
887 3062 985 3100 Solis
1020 3070 1058 3100 et
1093 3063 1258 3111 planetae
1292 3063 1343 3100 ad

302 3118 467 3166 primam
498 3117 665 3155 duarum
701 3115 829 3153 medie
864 3115 1208 3164 proportionalium
1243 3115 1344 3153 inter

303 3183 496 3217 summam
523 3171 630 3207 illam
658 3177 698 3207 et
728 3168 856 3207 Solem
878 3168 1015 3220 (Prop.
1041 3169 1135 3205 LX.
1171 3169 1259 3207 Lib.
1285 3169 1343 3216 1.)

303 3221 468 3274 ide6que
487 3231 531 3261 ut
549 3224 629 3261 axis
647 3223 769 3273 major
795 3221 927 3259 orbitae
946 3221 1167 3271 corrigatur,
1197 3234 1344 3272 augen-

304 3276 378 3314 dus
395 3284 451 3314 est
469 3277 509 3313 in
528 3274 631 3314 dicta
649 3277 808 3314 ratione.
870 3275 998 3312 Datur
1022 3282 1151 3312 autem
1170 3275 1265 3311 ratio
1284 3275 1343 3311 in-

304 3337 362 3366 ter
380 3342 521 3366 massas
546 3330 644 3367 Solis
661 3337 699 3367 et
718 3329 970 3378 planetarum,
992 3340 1035 3365 ac
1053 3326 1213 3375 proinde
1232 3327 1344 3365 datur

304 3382 400 3419 rat10
419 3382 459 3433 in
478 3381 556 3432 qua
574 3383 785 3421 orbitarum
803 3394 892 3419 axes
909 3382 1072 3432 majores
1090 3388 1180 3418 sunt
1198 3392 1343 3430 augen-

306 3434 358 3472 di.
420 3434 520 3472 Vide
538 3435 587 3472 de
604 3437 664 3473 his
683 3444 761 3473 not.
785 3439 849 3473 64.
872 3433 989 3484 hujus
1011 3433 1130 3471 Libri.

361 3486 416 3539 (ο)
438 3490 501 3527 75.
526 3491 548 3512 ¹*
572 3490 770 3526 problema
788 3489 912 3541 confit.
972 3486 1029 3525 Sit
1050 3486 1076 3524 S
1098 3485 1174 3531 Sol,
1195 3485 1346 3535 sintque
1398 3493 1402 3496 ’

306 3540 471 3589 planetae
490 3540 575 3578 loca
592 3540 664 3578 tria
686 3541 732 3586 P,
754 3554 792 3590 p,
813 3556 844 3578 π
863 3553 884 3578 e
906 3540 995 3579 Sole
1013 3538 1102 3585 visa,
1131 3546 1170 3576 et
1193 3539 1281 3576 data
1299 3538 1348 3576 sit

306 3601 409 3631 recta
431 3594 465 3631 B
490 3594 523 3630 A
555 3594 637 3631 axis
660 3594 783 3645 majOr
800 3593 987 3642 eIIIpseos,
1007 3592 1240 3630 describatur
1260 3596 1346 3642 (per
1904 3585 1933 3632 -ἷ

311 3647 427 3694 Prop.
455 3646 622 3684 XVIII.
646 3646 732 3683 Lib.
759 3645 815 3694 1.)
845 3646 987 3695 ellipsis
1011 3646 1123 3695 cujus
1141 3644 1347 3683 umbilicus

308 3707 366 3737 est
387 3699 413 3736 S
433 3706 471 3736 et
489 3700 570 3736 axis
588 3699 708 3749 major
731 3699 768 3736 A
787 3699 834 3743 B,
854 3700 958 3747 quod
977 3699 1031 3743 fit,
1052 3699 1083 3735 si
1102 3711 1149 3736 ex
1169 3711 1239 3736 axe
1260 3698 1292 3735 B
1308 3698 1347 3735 A
1404 3699 1592 3747 ellipseos,
1628 3700 1701 3738 hoc
1732 3707 1802 3744 est,
1830 3698 2104 3746 excentricitas,
2135 3702 2346 3745 notumque
2372 3696 2445 3735 erit

309 3753 514 3790 demantur
532 3751 794 3801 longitudines
816 3751 842 3787 S
861 3752 905 3795 P,
931 3752 1006 3800 Sp,
1032 3753 1057 3789 S
1072 3767 1102 3791 vr
1120 3759 1158 3788 et
1176 3749 1268 3789 cum
1285 3762 1346 3789 re·
1404 3753 1581 3800 ellipseos
1610 3761 1801 3803 punctum
1820 3766 1842 3791 a
1864 3753 1952 3791 Sole
1979 3749 2289 3794 remotissimum,
2315 3748 2355 3786 id
2374 3758 2441 3797 cst,

309 3805 430 3845 siduis
448 3817 559 3843 arcus
576 3816 623 3843 ex
641 3805 794 3853 punctis
815 3804 862 3850 P,
882 3817 917 3853 p,
939 3819 970 3842 π
988 3804 1259 3851 describantur,
1288 3802 1348 3841 in-
1370 3848 1374 3852 1
1403 3805 1611 3854 aphelium.
