2528 4172
246 296 351 343 250
658 286 1101 351 INQUISITIO
1142 286 1482 339 PHYSICA
1521 285 1603 338 IN
1644 285 1967 339 CAUSAM

246 435 390 503 cujus
416 434 691 502 explicatio
715 451 841 483 mox
866 433 987 483 satis
1014 431 1238 483 dilucide
1265 443 1342 484 est
1367 433 1624 484 subversa.
1704 434 1949 500 Superest
1974 432 2196 501 denique
2227 432 2380 484 New-

243 525 355 575 toni
398 525 613 586 theoria,
652 543 769 592 quae
814 523 1020 574 nemine
1064 524 1447 575 contradicente
1494 524 1851 591 phaenomenis
1894 521 2058 573 multo
2099 523 2262 592 magis
2307 532 2382 573 est

245 627 619 667 consentanea:
668 626 720 666 at
750 616 803 665 in
841 634 902 665 ea
938 615 993 665 id
1030 615 1198 682 ipsum
1236 614 1377 683 quod
1413 614 1513 665 hoc
1550 614 1665 664 loco
1703 612 1967 681 quaeritur,
2005 630 2157 663 causa
2194 612 2383 662 scilicet

242 708 470 777 physica,
511 726 618 757 non
654 708 961 777 assignatur,
998 706 1094 756 'sed
1130 704 1303 773 potius
1343 705 1410 756 ad
1447 705 1714 774 qualitates
1759 703 1984 754 occultas
2029 703 2208 753 referri
2243 702 2384 753 vide-

242 807 359 858 tur3
398 796 604 847 interim
641 805 814 846 tamen
851 814 918 846 ne
954 794 1068 844 haec
1106 794 1315 862 quidem
1352 793 1552 844 theoria
1589 793 1708 844 satis
1744 802 1822 842 est
1846 792 2066 853 evoluta,
2102 802 2161 841 ut
2186 790 2250 841 de
2277 793 2384 860 ejus

246 885 351 936 sive
392 903 646 936 consensu
690 884 796 934 sive
835 883 1074 934 dissensu
1120 900 1237 933 cum
1276 881 1717 933 observa-tionibus
1754 880 2010 949 judicium
2054 879 2173 929 satis
2217 889 2386 930 tutum

244 972 366 1023 ferri
397 984 566 1042 queat.

315 1068 352 1129 ᾗ.
387 1070 436 1114 6.
486 1061 622 1114 Cum
665 1062 823 1133 igitur
863 1064 1081 1115 dubium
1125 1063 1189 1114 sit
1232 1063 1449 1126 nullum,
1490 1062 1614 1132 quin
1650 1061 1825 1114 fluxus
1862 1081 1923 1114 ac
1958 1060 2188 1114 refluxus
2229 1061 2385 1111 maris

244 1173 399 1206 causa
435 1154 489 1203 in
527 1153 722 1204 viribus
760 1153 985 1205 externis
1023 1164 1073 1204 et
1109 1153 1332 1204 realibus
1373 1153 1437 1204 sit
1471 1152 1655 1219 posita,
1695 1169 1811 1220 quae
1849 1152 1890 1202 si
1924 1161 2195 1214 cessarent,
2236 1149 2386 1200 simul

244 1252 399 1293 aestus
425 1242 582 1292 maris
607 1259 732 1291 mox
757 1251 1099 1303 evanesceret,
1140 1241 1230 1291 ubi
1267 1241 1459 1291 lateant
1492 1240 1576 1289 hae
1599 1239 1731 1290 vires
1760 1248 1811 1290 et
1836 1240 2096 1309 quomodo
2123 1240 2225 1289 sint
2248 1256 2388 1289 com-

246 1342 444 1400 paratae
477 1329 806 1399 potissimum
843 1331 992 1382 nobis
1019 1331 1116 1383 erit
1141 1331 1522 1399 explicandum,
1562 1329 1663 1381 hoc
1688 1330 1826 1381 enim
1852 1340 1929 1381 est
1953 1329 2006 1380 id
2032 1330 2218 1398 ipsum,
2249 1328 2390 1398 quod

246 1424 582 1475 celeberrima
604 1423 889 1474 Academia
919 1423 1261 1475 Scientiarum
1291 1422 1461 1492 Regia
1485 1422 1538 1471 in
1560 1421 1844 1491 quaestione
1869 1418 2132 1488 proposita
2158 1419 2387 1488 requirit.

246 1511 433 1581 Neque
476 1509 599 1562 vero
644 1511 777 1562 vires
820 1509 1181 1562 tantummodo
1226 1510 1480 1561 indicasse
1530 1510 1761 1571 sufficiet,
1807 1507 1992 1559 verum
2040 1506 2292 1577 praeterea
2335 1507 2391 1558 id

243 1602 469 1654 maxime
513 1604 611 1655 erit
652 1604 1062 1665 monstrandum,
1102 1603 1363 1673 quomodo
1401 1603 1510 1654 istae
1550 1603 1681 1653 vires
1719 1611 1889 1672 agant,
1929 1606 2081 1669 atque
2118 1600 2212 1651 hos
2249 1602 2388 1668 ipsos

246 1692 472 1754 effectus,
514 1710 643 1761 quos
670 1692 1021 1753 observamus,
1050 1710 1157 1742 non
1182 1690 1306 1743 vero
1333 1692 1459 1743 alios
1483 1691 1807 1759 producant3
1846 1691 1901 1739 in
1936 1689 2037 1739 hoc
2072 1689 2207 1740 enim
2235 1689 2389 1739 totius

245 1781 543 1850 quaestionis
583 1780 755 1842 cardo,
798 1780 1156 1848 explicationis
1195 1781 1389 1832 scilicet
1433 1780 1773 1842 confirmatio,
1820 1779 2051 1830 vertitur.
2129 1778 2391 1839 Quoniam

246 1880 418 1920 autem
446 1869 753 1938 plerumque
785 1869 1021 1937 pluribus
1047 1870 1242 1920 viribus
1269 1869 1624 1940 excogitandis
1658 1868 1792 1919 idem
1820 1867 2202 1936 phaenomenon
2227 1867 2390 1935 expli-

245 1964 351 2015 cari
377 1973 561 2032 potest,
591 1962 817 2014 studium
844 1961 1197 2013 adhibendum
1223 1972 1301 2014 est
1325 1981 1582 2013 summum
1615 1962 1670 2011 in
1705 1960 1804 2011 hac
1840 1959 2186 2030 indagatione,
2225 1976 2291 2009 ne
2316 1958 2382 2009 ad

242 2056 377 2107 vires
415 2056 593 2107 inanes
632 2065 786 2124 atque
827 2055 1155 2125 imaginarias
1196 2056 1512 2118 delabamur,
1560 2073 1676 2125 quae
1718 2055 1773 2104 in
1815 2052 2013 2104 mundo
2051 2071 2217 2121 neque
2270 2061 2392 2103 sunt

241 2163 413 2214 'neque
439 2144 620 2196 -locum
658 2144 849 2195 habere
885 2154 1119 2213 possunt.
1198 2145 1393 2196 Parum
1421 2145 1558 2196 enim
1585 2143 1809 2195 scientiae
1834 2141 2053 2193 naturali
2091 2140 2381 2201 consulunt,

245 2234 330 2305 qui
360 2234 542 2303 quovis
566 2234 912 2302 phaenomeno
938 2234 1114 2286 oblato
1141 2235 1238 2285 sibi
1262 2254 1360 2303 pro
1387 2234 1599 2286 arbitrio
1618 2234 1799 2285 mundi
1827 2242 2141 2284 structuram
2167 2231 2392 2299 peculia·-

244 2343 353 2375 rem
387 2324 655 2395 effingunt,
695 2344 863 2394 neque
890 2335 1009 2376 sunt
1035 2325 1253 2387 solliciti,
1294 2323 1466 2376 utrum
1493 2344 1554 2376 ea
1580 2343 1853 2394 compages
1881 2342 1998 2375 cum
2024 2323 2133 2374 aliis
2166 2322 2382 2389 phaeno-

243 2415 412 2468 menis
447 2414 725 2465 consistere
763 2425 932 2482 queat,
973 2432 1040 2465 an
1078 2413 1200 2465 vero
1228 2412 1390 2465 secus.
1471 2412 1633 2474 Quod
1659 2413 1700 2463 si
1727 2413 1863 2464 enim
1892 2414 2002 2481 jam
2029 2410 2235 2461 aliunde
2263 2429 2390 2461 con-

244 2517 343 2555 stet
369 2504 589 2555 existere
616 2504 668 2553 in
694 2504 890 2554 mundo
917 2502 1166 2572 ejusmodi
1194 2503 1343 2565 vires,
1367 2521 1483 2572 quae
1509 2502 1684 2553 oblato
1704 2501 1906 2552 effectui
1930 2498 2268 2567 producendo
2288 2499 2391 2550 sint

244 2610 410 2660 pares,
442 2589 630 2642 frustra
655 2610 807 2642 omne
834 2591 1062 2642 studium
1088 2592 1142 2641 in
1163 2591 1537 2660 conquisitione
1560 2590 1742 2639 virium
1762 2605 2014 2638 novarum
2034 2586 2387 2637 collocabitur.

314 2685 352 2747 ᾗ.
384 2688 431 2735 7.
473 2679 739 2741 Quoniam
764 2692 937 2731 autem
963 2680 1030 2731 ad
1057 2698 1264 2731 causam
1292 2680 1538 2748 cujusque
1563 2677 1893 2746 phaenomeni
1920 2675 2279 2747 detegendam,
2319 2676 2381 2727 ad

250 2769 477 2839 singulas
516 2769 925 2821 circumstantias
963 2768 1144 2820 sedulo
1181 2768 1446 2819 attendere
1482 2786 1691 2819 necesse
1728 2778 1819 2828 est,
1861 2775 1979 2816 ante
2006 2765 2180 2815 omnia
2204 2764 2389 2815 mirifi-

244 2877 357 2909 cum
405 2876 714 2909 consensum
757 2856 912 2910 aesti'is
958 2858 1113 2908 maris
1157 2876 1276 2908 cum
1313 2867 1460 2908 motu
1505 2857 1672 2907 Lunae
1718 2854 2054 2923 contemplari
2098 2843 2396 2905 conveniet.

249 2945 374 2997 Non
411 2946 579 3000 solum
616 2949 755 2999 enim
791 2948 1007 3019 insignis
1044 2948 1318 3000 harmonia
1343 2950 1476 2999 inter
1502 2957 1686 2999 aestum
1710 2948 1883 3009 maris,
1913 2965 1973 2997 ac
2000 2946 2166 2998 Lunoe
2190 2956 2389 2996 motum

245 3035 487 3089 diurnum
525 3038 947 3107 deprehenditur,
988 3039 1079 3090 sed
1115 3039 1270 3090 etiam
1307 3038 1560 3089 revolutio
1599 3036 1845 3107 synodica
1868 3044 2105 3103 respectu
2133 3034 2265 3085 Solis
2303 3034 2382 3084 in-

247 3140 455 3197 gentem
493 3130 646 3185 affert
678 3130 993 3182 varietatem.
1073 3130 1273 3182 Omnes
1311 3130 1534 3199 denique
1571 3130 1953 3181 observationes
1987 3125 2192 3178 abunde
2219 3126 2389 3179 decla-

245 3229 362 3268 rant
385 3219 639 3269 rationem
663 3219 835 3270 fluxus
874 3228 925 3269 et
961 3219 1191 3270 refluxus
1218 3220 1374 3270 maris
1402 3238 1430 3269 a
1457 3220 1558 3270 situ
1584 3216 1699 3270 cum
1741 3217 1911 3268 Lunae
1936 3225 2046 3267 tum
2074 3215 2226 3266 etiam
2256 3215 2388 3267 Solis

248 3306 563 3373 conjunctim
599 3307 856 3375 pendere:
904 3327 969 3359 ex
1009 3328 1112 3378 quo
1152 3309 1322 3359 statim
1358 3327 1525 3376 prono
1561 3308 1829 3358 ratiocinio
1869 3305 2213 3374 consequitur,
2252 3306 2387 3357 vires

245 3394 358 3444 illas
385 3407 571 3447 aestum
595 3397 752 3447 maris
776 3397 1138 3465 producentes,
1169 3415 1490 3466 quaecunque
1516 3396 1669 3447 etiam
1696 3396 1813 3458 sint,
1843 3392 1962 3445 cum
1990 3394 2195 3444 Lunam
2228 3393 2387 3461 potis-

246 3479 450 3544 simum,
491 3481 604 3534 tum
641 3482 764 3535 vero
791 3484 945 3536 etiam
988 3484 1161 3537 Solem
1188 3486 1443 3552 respicere
1470 3483 1673 3535 debere.
1754 3481 2110 3543 Quamobrem
2135 3479 2385 3547 imprimis

243 3571 397 3624 nobis
425 3572 523 3623 erit
547 3573 931 3642 inquirendum,
961 3585 1134 3627 utrum
1164 3575 1416 3644 ejusmodi
1441 3576 1570 3625 vires
1601 3574 1775 3626 Solem
1802 3584 1853 3625 et
1879 3574 2086 3624 Lunam
2112 3569 2385 3638 respicien-

245 3674 339 3724 tes,
388 3677 505 3730 quae
549 3662 604 3712 in
645 3664 789 3731 aquis
832 3664 989 3715 talem
1032 3663 1287 3726 effectum,
1336 3663 1499 3733 qualis
1548 3672 1625 3714 est
1672 3673 1825 3714 aestus
1874 3661 2045 3723 maris,
2097 3659 2383 3728 producere

248 3758 456 3819 queant,
489 3749 609 3817 jure
646 3767 706 3800 ac
743 3751 942 3802 ratione
980 3752 1136 3803 statui
1172 3751 1385 3819 possint,
1425 3769 1492 3802 an
1529 3748 1690 3801 secus.
1773 3751 1855 3802 Ac
1882 3748 1925 3800 si
1960 3748 2194 3816 pluribus
2219 3745 2383 3797 modis

250 3839 537 3892 istiusmodi
588 3840 721 3891 vires
766 3840 939 3892 ani-mo
989 3842 1262 3910 concipere
1310 3841 1477 3905 liceat,
1530 3840 1804 3911 diligenter
1846 3839 1944 3891 erit
1992 3833 2381 3906 dispiciendum,
