<?xml version="1.0" encoding="UTF-8"?>
<!DOCTYPE html PUBLIC "-//W3C//DTD XHTML 1.0 Transitional//EN"
    "http://www.w3.org/TR/xhtml1/DTD/xhtml1-transitional.dtd">
<html xmlns="http://www.w3.org/1999/xhtml" xml:lang="en" lang="en">
 <head>
  <title>
</title>
<meta http-equiv="Content-Type" content="text/html;charset=utf-8" />
  <meta name='ocr-system' content='tesseract 3.04.00' />
  <meta name='ocr-capabilities' content='ocr_page ocr_carea ocr_par ocr_line ocrx_word'/>
</head>
<body>
  <div class='ocr_page' id='page_1' title='image "./philonatrualprin03newtrich_0139.png"; bbox 0 0 2528 4172; ppageno 0'>
   <div class='ocr_carea' id='block_1_1' title="bbox 135 222 2248 295">
    <p class='ocr_par' dir='ltr' id='par_1_1' title="bbox 135 222 2248 295">
     <span class='ocr_line' id='line_1_1' title="bbox 135 222 2248 295; baseline -0.006 -12"><span class='ocrx_word' id='word_1_1' title='bbox 135 230 315 283; x_wconf 79' lang='lat' dir='ltr'>LIBER</span> <span class='ocrx_word' id='word_1_2' title='bbox 336 230 632 295; x_wconf 53' lang='lat' dir='ltr'>Tmarus]</span> <span class='ocrx_word' id='word_1_3' title='bbox 686 224 1086 281; x_wconf 91' lang='lat' dir='ltr'>PRINCIPIA</span> <span class='ocrx_word' id='word_1_4' title='bbox 1127 222 1743 276; x_wconf 90' lang='lat' dir='ltr'>MATHEMATICA.</span> <span class='ocrx_word' id='word_1_5' title='bbox 2189 227 2248 272; x_wconf 89' lang='lat'>91</span> 
     </span>
    </p>
   </div>
   <div class='ocr_carea' id='block_1_2' title="bbox 117 363 2264 1245">
    <p class='ocr_par' dir='ltr' id='par_1_2' title="bbox 117 363 2264 1245">
     <span class='ocr_line' id='line_1_2' title="bbox 132 363 2262 424; baseline -0.005 0"><span class='ocrx_word' id='word_1_6' title='bbox 132 374 502 424; x_wconf 80' lang='lat' dir='ltr'>antecedentia.</span> <span class='ocrx_word' id='word_1_7' title='bbox 579 371 762 423; x_wconf 89' lang='lat' dir='ltr'>Motus</span> <span class='ocrx_word' id='word_1_8' title='bbox 798 369 955 421; x_wconf 88' lang='lat' dir='ltr'>medii</span> <span class='ocrx_word' id='word_1_9' title='bbox 991 368 1248 419; x_wconf 91' lang='lat' dir='ltr'>nodorum</span> <span class='ocrx_word' id='word_1_10' title='bbox 1287 367 1564 418; x_wconf 84' lang='lat' dir='ltr'>satellitum</span> <span class='ocrx_word' id='word_1_11' title='bbox 1589 366 1892 417; x_wconf 89' lang='lat' dir='ltr'>interiorum</span> <span class='ocrx_word' id='word_1_12' title='bbox 1918 373 2036 415; x_wconf 89' lang='lat' dir='ltr'>sunt</span> <span class='ocrx_word' id='word_1_13' title='bbox 2061 363 2127 414; x_wconf 89' lang='lat' dir='ltr'>ad</span> <span class='ocrx_word' id='word_1_14' title='bbox 2150 381 2262 414; x_wconf 90' lang='lat' dir='ltr'>mo-</span> 
     </span>
     <span class='ocr_line' id='line_1_3' title="bbox 126 454 2263 532; baseline -0.004 -19"><span class='ocrx_word' id='word_1_15' title='bbox 126 472 238 513; x_wconf 90' lang='lat' dir='ltr'>tum</span> <span class='ocrx_word' id='word_1_16' title='bbox 279 462 447 532; x_wconf 89' lang='lat' dir='ltr'>hujus,</span> <span class='ocrx_word' id='word_1_17' title='bbox 494 471 552 513; x_wconf 93' lang='lat' dir='ltr'>ut</span> <span class='ocrx_word' id='word_1_18' title='bbox 589 461 798 511; x_wconf 91' lang='lat' dir='ltr'>illorum</span> <span class='ocrx_word' id='word_1_19' title='bbox 830 470 1068 527; x_wconf 89' lang='lat' dir='ltr'>tempora</span> <span class='ocrx_word' id='word_1_20' title='bbox 1104 458 1369 526; x_wconf 84' lang='lat' dir='ltr'>periodica</span> <span class='ocrx_word' id='word_1_21' title='bbox 1405 457 1472 509; x_wconf 87' lang='lat' dir='ltr'>ad</span> <span class='ocrx_word' id='word_1_22' title='bbox 1512 468 1716 526; x_wconf 87' lang='lat' dir='ltr'>tempus</span> <span class='ocrx_word' id='word_1_23' title='bbox 1753 455 2077 525; x_wconf 90' lang='lat' dir='ltr'>periodicum</span> <span class='ocrx_word' id='word_1_24' title='bbox 2109 454 2263 523; x_wconf 88' lang='lat' dir='ltr'>hujus</span> 
     </span>
     <span class='ocr_line' id='line_1_4' title="bbox 128 541 2262 618; baseline -0.004 -17"><span class='ocrx_word' id='word_1_25' title='bbox 128 554 244 618; x_wconf 91' lang='lat' dir='ltr'>(per</span> <span class='ocrx_word' id='word_1_26' title='bbox 282 550 420 601; x_wconf 90' lang='lat' dir='ltr'>idem</span> <span class='ocrx_word' id='word_1_27' title='bbox 466 548 829 612; x_wconf 81' lang='lat' dir='ltr'>corollarium)</span> <span class='ocrx_word' id='word_1_28' title='bbox 872 557 923 598; x_wconf 90' lang='lat' dir='ltr'>et</span> <span class='ocrx_word' id='word_1_29' title='bbox 963 546 1085 597; x_wconf 89' lang='lat' dir='ltr'>inde</span> <span class='ocrx_word' id='word_1_30' title='bbox 1128 547 1334 597; x_wconf 86' lang='lat' dir='ltr'>dantur.</span> <span class='ocrx_word' id='word_1_31' title='bbox 1410 544 1593 596; x_wconf 91' lang='lat' dir='ltr'>Motus</span> <span class='ocrx_word' id='word_1_32' title='bbox 1635 556 1809 595; x_wconf 89' lang='lat' dir='ltr'>autem</span> <span class='ocrx_word' id='word_1_33' title='bbox 1846 543 1992 614; x_wconf 86' lang='lat' dir='ltr'>augis</span> <span class='ocrx_word' id='word_1_34' title='bbox 2032 541 2262 593; x_wconf 85' lang='lat' dir='ltr'>satellitis</span> 
     </span>
     <span class='ocr_line' id='line_1_5' title="bbox 126 632 2260 707; baseline -0.003 -18"><span class='ocrx_word' id='word_1_35' title='bbox 126 639 371 707; x_wconf 86' lang='lat' dir='ltr'>cujusque</span> <span class='ocrx_word' id='word_1_36' title='bbox 407 638 462 687; x_wconf 90' lang='lat' dir='ltr'>in</span> <span class='ocrx_word' id='word_1_37' title='bbox 500 636 865 705; x_wconf 85' lang='lat' dir='ltr'>consequentia</span> <span class='ocrx_word' id='word_1_38' title='bbox 901 644 980 686; x_wconf 82' lang='lat' dir='ltr'>est</span> <span class='ocrx_word' id='word_1_39' title='bbox 1016 632 1082 685; x_wconf 88' lang='lat' dir='ltr'>ad</span> <span class='ocrx_word' id='word_1_40' title='bbox 1116 645 1316 686; x_wconf 90' lang='lat' dir='ltr'>motum</span> <span class='ocrx_word' id='word_1_41' title='bbox 1341 633 1601 684; x_wconf 90' lang='lat' dir='ltr'>nodorum</span> <span class='ocrx_word' id='word_1_42' title='bbox 1626 634 1783 702; x_wconf 88' lang='lat' dir='ltr'>ipsius</span> <span class='ocrx_word' id='word_1_43' title='bbox 1809 634 1863 684; x_wconf 90' lang='lat' dir='ltr'>in</span> <span class='ocrx_word' id='word_1_44' title='bbox 1888 632 2260 693; x_wconf 64' lang='lat' dir='ltr'>antecedentia,</span> 
     </span>
     <span class='ocr_line' id='line_1_6' title="bbox 124 724 2264 798; baseline -0.002 -19"><span class='ocrx_word' id='word_1_45' title='bbox 124 739 182 780; x_wconf 90' lang='lat' dir='ltr'>ut</span> <span class='ocrx_word' id='word_1_46' title='bbox 220 739 391 781; x_wconf 89' lang='lat' dir='ltr'>motus</span> <span class='ocrx_word' id='word_1_47' title='bbox 434 727 638 798; x_wconf 84' lang='lat' dir='ltr'>apogaei</span> <span class='ocrx_word' id='word_1_48' title='bbox 679 728 847 779; x_wconf 85' lang='lat' dir='ltr'>Lunae</span> <span class='ocrx_word' id='word_1_49' title='bbox 887 735 1078 777; x_wconf 83' lang='lat' dir='ltr'>nostrae</span> <span class='ocrx_word' id='word_1_50' title='bbox 1118 725 1186 777; x_wconf 91' lang='lat' dir='ltr'>ad</span> <span class='ocrx_word' id='word_1_51' title='bbox 1227 724 1379 794; x_wconf 87' lang='lat' dir='ltr'>hujus</span> <span class='ocrx_word' id='word_1_52' title='bbox 1414 734 1618 777; x_wconf 84' lang='lat' dir='ltr'>motum</span> <span class='ocrx_word' id='word_1_53' title='bbox 1654 724 1929 786; x_wconf 91' lang='lat' dir='ltr'>nodorum,</span> <span class='ocrx_word' id='word_1_54' title='bbox 1972 727 2086 791; x_wconf 90' lang='lat' dir='ltr'>(per</span> <span class='ocrx_word' id='word_1_55' title='bbox 2122 724 2264 775; x_wconf 89' lang='lat' dir='ltr'>idem</span> 
     </span>
     <span class='ocr_line' id='line_1_7' title="bbox 127 814 2263 884; baseline -0.002 -14"><span class='ocrx_word' id='word_1_56' title='bbox 127 817 325 884; x_wconf 91' lang='lat' dir='ltr'>Corol.)</span> <span class='ocrx_word' id='word_1_57' title='bbox 355 826 407 869; x_wconf 92' lang='lat' dir='ltr'>et</span> <span class='ocrx_word' id='word_1_58' title='bbox 429 817 553 868; x_wconf 87' lang='lat' dir='ltr'>inde</span> <span class='ocrx_word' id='word_1_59' title='bbox 578 817 747 869; x_wconf 79' lang='lat' dir='ltr'>datur..</span> <span class='ocrx_word' id='word_1_60' title='bbox 822 816 1063 868; x_wconf 85' lang='lat' dir='ltr'>Diminui</span> <span class='ocrx_word' id='word_1_61' title='bbox 1088 826 1263 867; x_wconf 87' lang='lat' dir='ltr'>tamen</span> <span class='ocrx_word' id='word_1_62' title='bbox 1289 815 1445 866; x_wconf 91' lang='lat' dir='ltr'>debet</span> <span class='ocrx_word' id='word_1_63' title='bbox 1468 823 1638 865; x_wconf 90' lang='lat' dir='ltr'>motus</span> <span class='ocrx_word' id='word_1_64' title='bbox 1664 815 1810 884; x_wconf 82' lang='lat' dir='ltr'>augis</span> <span class='ocrx_word' id='word_1_65' title='bbox 1838 814 1910 865; x_wconf 91' lang='lat' dir='ltr'>sic</span> <span class='ocrx_word' id='word_1_66' title='bbox 1942 815 2180 866; x_wconf 86' lang='lat' dir='ltr'>inventus</span> <span class='ocrx_word' id='word_1_67' title='bbox 2206 815 2263 866; x_wconf 91' lang='lat' dir='ltr'>in</span> 
     </span>
     <span class='ocr_line' id='line_1_8' title="bbox 120 903 2262 974; baseline -0.003 -13"><span class='ocrx_word' id='word_1_68' title='bbox 120 910 319 961; x_wconf 89' lang='lat' dir='ltr'>ratione</span> <span class='ocrx_word' id='word_1_69' title='bbox 345 915 376 960; x_wconf 92' lang='lat'><em>5</em></span> <span class='ocrx_word' id='word_1_70' title='bbox 403 908 471 959; x_wconf 90' lang='lat' dir='ltr'>ad</span> <span class='ocrx_word' id='word_1_71' title='bbox 496 916 527 960; x_wconf 91' lang='lat'>9</span> <span class='ocrx_word' id='word_1_72' title='bbox 554 907 635 959; x_wconf 92' lang='lat' dir='ltr'>vel</span> <span class='ocrx_word' id='word_1_73' title='bbox 667 915 689 958; x_wconf 92' lang='lat' dir='ltr'>l</span> <span class='ocrx_word' id='word_1_74' title='bbox 720 906 787 958; x_wconf 91' lang='lat' dir='ltr'>ad</span> <span class='ocrx_word' id='word_1_75' title='bbox 813 913 845 957; x_wconf 86' lang='grc'><strong>2</strong></span> <span class='ocrx_word' id='word_1_76' title='bbox 871 906 1088 968; x_wconf 86' lang='lat' dir='ltr'>circiter,</span> <span class='ocrx_word' id='word_1_77' title='bbox 1130 906 1189 973; x_wconf 82' lang='lat'>(⁰)</span> <span class='ocrx_word' id='word_1_78' title='bbox 1218 905 1285 956; x_wconf 93' lang='lat' dir='ltr'>ob</span> <span class='ocrx_word' id='word_1_79' title='bbox 1311 922 1520 956; x_wconf 88' lang='lat' dir='ltr'>causam</span> <span class='ocrx_word' id='word_1_80' title='bbox 1545 922 1701 974; x_wconf 90' lang='lat' dir='ltr'>quam</span> <span class='ocrx_word' id='word_1_81' title='bbox 1735 903 1821 954; x_wconf 86' lang='lat' dir='ltr'>hic</span> <span class='ocrx_word' id='word_1_82' title='bbox 1859 923 2119 972; x_wconf 85' lang='lat' dir='ltr'>exponere</span> <span class='ocrx_word' id='word_1_83' title='bbox 2153 923 2262 955; x_wconf 89' lang='lat' dir='ltr'>non</span> 
     </span>
     <span class='ocr_line' id='line_1_9' title="bbox 120 992 2263 1065; baseline -0.002 -16"><span class='ocrx_word' id='word_1_84' title='bbox 120 1007 282 1050; x_wconf 89' lang='lat' dir='ltr'>vacat.</span> <span class='ocrx_word' id='word_1_85' title='bbox 358 995 422 1064; x_wconf 70' lang='lat' dir='ltr'>(d)</span> <span class='ocrx_word' id='word_1_86' title='bbox 449 995 793 1065; x_wconf 89' lang='lat' dir='ltr'>AEquationes</span> <span class='ocrx_word' id='word_1_87' title='bbox 817 995 1061 1046; x_wconf 83' lang='lat' dir='ltr'>maximae</span> <span class='ocrx_word' id='word_1_88' title='bbox 1084 993 1343 1045; x_wconf 90' lang='lat' dir='ltr'>nodorum</span> <span class='ocrx_word' id='word_1_89' title='bbox 1368 1002 1419 1044; x_wconf 91' lang='lat' dir='ltr'>et</span> <span class='ocrx_word' id='word_1_90' title='bbox 1443 994 1589 1064; x_wconf 88' lang='lat' dir='ltr'>augis</span> <span class='ocrx_word' id='word_1_91' title='bbox 1626 992 1854 1045; x_wconf 86' lang='lat' dir='ltr'>satellitis</span> <span class='ocrx_word' id='word_1_92' title='bbox 1882 994 2128 1063; x_wconf 90' lang='lat' dir='ltr'>cujusque</span> <span class='ocrx_word' id='word_1_93' title='bbox 2154 994 2263 1045; x_wconf 74' lang='lat' dir='ltr'>fere</span> 
     </span>
     <span class='ocr_line' id='line_1_10' title="bbox 120 1081 2264 1154; baseline -0.002 -16"><span class='ocrx_word' id='word_1_94' title='bbox 120 1095 240 1140; x_wconf 89' lang='lat' dir='ltr'>sunt</span> <span class='ocrx_word' id='word_1_95' title='bbox 288 1084 355 1137; x_wconf 89' lang='lat' dir='ltr'>ad</span> <span class='ocrx_word' id='word_1_96' title='bbox 397 1084 710 1154; x_wconf 87' lang='lat' dir='ltr'>aequationes</span> <span class='ocrx_word' id='word_1_97' title='bbox 752 1084 1004 1134; x_wconf 86' lang='lat' dir='ltr'>maximas</span> <span class='ocrx_word' id='word_1_98' title='bbox 1047 1082 1307 1134; x_wconf 86' lang='lat' dir='ltr'>nodorum</span> <span class='ocrx_word' id='word_1_99' title='bbox 1350 1090 1403 1133; x_wconf 91' lang='lat' dir='ltr'>et</span> <span class='ocrx_word' id='word_1_100' title='bbox 1444 1081 1590 1151; x_wconf 84' lang='lat' dir='ltr'>augis</span> <span class='ocrx_word' id='word_1_101' title='bbox 1636 1082 1804 1133; x_wconf 87' lang='lat' dir='ltr'>Lunae</span> <span class='ocrx_word' id='word_1_102' title='bbox 1848 1082 2149 1149; x_wconf 76' lang='lat' dir='ltr'>respective,</span> <span class='ocrx_word' id='word_1_103' title='bbox 2202 1093 2264 1134; x_wconf 95' lang='lat' dir='ltr'>ut</span> 
     </span>
     <span class='ocr_line' id='line_1_11' title="bbox 117 1170 2262 1245; baseline -0.003 -15"><span class='ocrx_word' id='word_1_104' title='bbox 117 1186 287 1230; x_wconf 89' lang='lat' dir='ltr'>motus</span> <span class='ocrx_word' id='word_1_105' title='bbox 313 1175 573 1226; x_wconf 89' lang='lat' dir='ltr'>nodorum</span> <span class='ocrx_word' id='word_1_106' title='bbox 597 1184 649 1226; x_wconf 89' lang='lat' dir='ltr'>et</span> <span class='ocrx_word' id='word_1_107' title='bbox 672 1174 816 1244; x_wconf 82' lang='lat' dir='ltr'>augis</span> <span class='ocrx_word' id='word_1_108' title='bbox 843 1173 1118 1224; x_wconf 87' lang='lat' dir='ltr'>satellitum</span> <span class='ocrx_word' id='word_1_109' title='bbox 1136 1182 1369 1241; x_wconf 90' lang='lat' dir='ltr'>tempore</span> <span class='ocrx_word' id='word_1_110' title='bbox 1387 1171 1539 1222; x_wconf 91' lang='lat' dir='ltr'>unius</span> <span class='ocrx_word' id='word_1_111' title='bbox 1559 1170 1891 1222; x_wconf 89' lang='lat' dir='ltr'>revolutionis</span> <span class='ocrx_word' id='word_1_112' title='bbox 1911 1172 2262 1245; x_wconf 88' lang='lat' dir='ltr'>aequationum</span> 
     </span>
    </p>
   </div>
   <div class='ocr_carea' id='block_1_3' title="bbox 117 1263 2261 1339">
    <p class='ocr_par' dir='ltr' id='par_1_3' title="bbox 117 1263 2261 1339">
     <span class='ocr_line' id='line_1_12' title="bbox 117 1263 2261 1339; baseline -0.003 -18"><span class='ocrx_word' id='word_1_113' title='bbox 117 1270 368 1339; x_wconf 86' lang='lat' dir='ltr'>priorum,</span> <span class='ocrx_word' id='word_1_114' title='bbox 408 1269 475 1320; x_wconf 89' lang='lat' dir='ltr'>ad</span> <span class='ocrx_word' id='word_1_115' title='bbox 503 1279 673 1320; x_wconf 90' lang='lat' dir='ltr'>motus</span> <span class='ocrx_word' id='word_1_116' title='bbox 697 1268 957 1319; x_wconf 90' lang='lat' dir='ltr'>nodorum</span> <span class='ocrx_word' id='word_1_117' title='bbox 981 1276 1034 1318; x_wconf 91' lang='lat' dir='ltr'>et</span> <span class='ocrx_word' id='word_1_118' title='bbox 1062 1266 1265 1336; x_wconf 86' lang='lat' dir='ltr'>apogaei</span> <span class='ocrx_word' id='word_1_119' title='bbox 1290 1265 1459 1317; x_wconf 83' lang='lat' dir='ltr'>Lunae</span> <span class='ocrx_word' id='word_1_120' title='bbox 1484 1274 1719 1332; x_wconf 87' lang='lat' dir='ltr'>tempore</span> <span class='ocrx_word' id='word_1_121' title='bbox 1744 1264 1897 1314; x_wconf 87' lang='lat' dir='ltr'>unius</span> <span class='ocrx_word' id='word_1_122' title='bbox 1923 1263 2261 1315; x_wconf 86' lang='lat' dir='ltr'>revolutionis</span> 
     </span>
    </p>
   </div>
   <div class='ocr_carea' id='block_1_4' title="bbox 115 1353 2263 1428">
    <p class='ocr_par' dir='ltr' id='par_1_4' title="bbox 115 1353 2263 1428">
     <span class='ocr_line' id='line_1_13' title="bbox 115 1353 2263 1428; baseline -0.002 -19"><span class='ocrx_word' id='word_1_123' title='bbox 115 1359 465 1428; x_wconf 88' lang='lat' dir='ltr'>aequationum</span> <span class='ocrx_word' id='word_1_124' title='bbox 501 1357 863 1425; x_wconf 87' lang='lat' dir='ltr'>posteriorum.</span> <span class='ocrx_word' id='word_1_125' title='bbox 942 1355 1005 1423; x_wconf 68' lang='lat' dir='ltr'>(e)</span> <span class='ocrx_word' id='word_1_126' title='bbox 1046 1354 1281 1405; x_wconf 88' lang='lat' dir='ltr'>Variatio</span> <span class='ocrx_word' id='word_1_127' title='bbox 1318 1353 1549 1405; x_wconf 84' lang='lat' dir='ltr'>satellitis</span> <span class='ocrx_word' id='word_1_128' title='bbox 1586 1371 1616 1404; x_wconf 90' lang='lat' dir='ltr'>e</span> <span class='ocrx_word' id='word_1_129' title='bbox 1652 1353 1782 1404; x_wconf 82' lang='lat' dir='ltr'>Jove</span> <span class='ocrx_word' id='word_1_130' title='bbox 1816 1353 2046 1421; x_wconf 84' lang='lat' dir='ltr'>spectati,</span> <span class='ocrx_word' id='word_1_131' title='bbox 2080 1363 2158 1404; x_wconf 91' lang='lat' dir='ltr'>est</span> <span class='ocrx_word' id='word_1_132' title='bbox 2191 1355 2263 1405; x_wconf 91' lang='lat' dir='ltr'>ad</span> 
     </span>
    </p>
   </div>
   <div class='ocr_carea' id='block_1_5' title="bbox 111 1442 2259 1698">
    <p class='ocr_par' dir='ltr' id='par_1_5' title="bbox 111 1442 2259 1698">
     <span class='ocr_line' id='line_1_14' title="bbox 112 1442 2259 1511; baseline -0.002 -11"><span class='ocrx_word' id='word_1_133' title='bbox 112 1448 447 1500; x_wconf 79' lang='lat' dir='ltr'>variationem</span> <span class='ocrx_word' id='word_1_134' title='bbox 485 1446 670 1509; x_wconf 86' lang='lat' dir='ltr'>Lunae,</span> <span class='ocrx_word' id='word_1_135' title='bbox 712 1455 772 1497; x_wconf 91' lang='lat' dir='ltr'>ut</span> <span class='ocrx_word' id='word_1_136' title='bbox 810 1454 929 1496; x_wconf 91' lang='lat' dir='ltr'>sunt</span> <span class='ocrx_word' id='word_1_137' title='bbox 967 1444 1035 1495; x_wconf 88' lang='lat' dir='ltr'>ad</span> <span class='ocrx_word' id='word_1_138' title='bbox 1070 1443 1292 1495; x_wconf 89' lang='lat' dir='ltr'>invicem</span> <span class='ocrx_word' id='word_1_139' title='bbox 1328 1443 1424 1494; x_wconf 92' lang='lat' dir='ltr'>toti</span> <span class='ocrx_word' id='word_1_140' title='bbox 1447 1452 1618 1494; x_wconf 89' lang='lat' dir='ltr'>motus</span> <span class='ocrx_word' id='word_1_141' title='bbox 1644 1442 1905 1494; x_wconf 88' lang='lat' dir='ltr'>nodorum</span> <span class='ocrx_word' id='word_1_142' title='bbox 1936 1445 2259 1511; x_wconf 83' lang='lat' dir='ltr'>temporibus</span> 
     </span>
     <span class='ocr_line' id='line_1_15' title="bbox 114 1531 2255 1609; baseline -0.003 -20"><span class='ocrx_word' id='word_1_143' title='bbox 114 1539 300 1609; x_wconf 91' lang='lat' dir='ltr'>quibus</span> <span class='ocrx_word' id='word_1_144' title='bbox 337 1536 540 1589; x_wconf 82' lang='lat' dir='ltr'>satelles</span> <span class='ocrx_word' id='word_1_145' title='bbox 578 1545 629 1587; x_wconf 93' lang='lat' dir='ltr'>et</span> <span class='ocrx_word' id='word_1_146' title='bbox 667 1535 822 1587; x_wconf 88' lang='lat' dir='ltr'>Luna</span> <span class='ocrx_word' id='word_1_147' title='bbox 857 1534 925 1585; x_wconf 89' lang='lat' dir='ltr'>ad</span> <span class='ocrx_word' id='word_1_148' title='bbox 966 1533 1142 1585; x_wconf 87' lang='lat' dir='ltr'>Solem</span> <span class='ocrx_word' id='word_1_149' title='bbox 1179 1532 1529 1595; x_wconf 89' lang='lat' dir='ltr'>revolvuntur,</span> <span class='ocrx_word' id='word_1_150' title='bbox 1568 1550 1663 1601; x_wconf 91' lang='lat' dir='ltr'>per</span> <span class='ocrx_word' id='word_1_151' title='bbox 1699 1531 1838 1584; x_wconf 90' lang='lat' dir='ltr'>idem</span> <span class='ocrx_word' id='word_1_152' title='bbox 1875 1531 2255 1594; x_wconf 87' lang='lat' dir='ltr'>Corollarium3</span> 
     </span>
     <span class='ocr_line' id='line_1_16' title="bbox 111 1623 1514 1698; baseline -0.004 -18"><span class='ocrx_word' id='word_1_153' title='bbox 111 1628 335 1698; x_wconf 76' lang='lat' dir='ltr'>ideoque</span> <span class='ocrx_word' id='word_1_154' title='bbox 358 1627 413 1678; x_wconf 91' lang='lat' dir='ltr'>in</span> <span class='ocrx_word' id='word_1_155' title='bbox 439 1625 656 1678; x_wconf 87' lang='lat' dir='ltr'>satellite</span> <span class='ocrx_word' id='word_1_156' title='bbox 681 1625 877 1677; x_wconf 86' lang='lat' dir='ltr'>extimo</span> <span class='ocrx_word' id='word_1_157' title='bbox 901 1642 1010 1675; x_wconf 91' lang='lat' dir='ltr'>non</span> <span class='ocrx_word' id='word_1_158' title='bbox 1037 1632 1247 1692; x_wconf 84' lang='lat' dir='ltr'>superat</span> <span class='ocrx_word' id='word_1_159' title='bbox 1273 1624 1353 1675; x_wconf 70' lang='lat'>5⁰.</span> <span class='ocrx_word' id='word_1_160' title='bbox 1386 1623 1514 1674; x_wconf 67' lang='lat' dir='ltr'>12&#39;f&#39;.</span> 
     </span>
    </p>
   </div>
   <div class='ocr_carea' id='block_1_6' title="bbox 1204 1763 2254 1815">
    <p class='ocr_par' dir='ltr' id='par_1_6' title="bbox 1204 1763 2254 1815">
     <span class='ocr_line' id='line_1_17' title="bbox 1204 1763 2254 1815; baseline -0.002 -13"><span class='ocrx_word' id='word_1_161' title='bbox 1204 1765 1374 1815; x_wconf 84' lang='lat' dir='ltr'>prodibit</span> <span class='ocrx_word' id='word_1_162' title='bbox 1399 1769 1530 1803; x_wconf 71' lang='lat' dir='ltr'>motus</span> <span class='ocrx_word' id='word_1_163' title='bbox 1555 1764 1751 1804; x_wconf 85' lang='lat' dir='ltr'>nodorum</span> <span class='ocrx_word' id='word_1_164' title='bbox 1777 1763 1949 1803; x_wconf 86' lang='lat' dir='ltr'>satellitis</span> <span class='ocrx_word' id='word_1_165' title='bbox 1966 1763 2168 1802; x_wconf 81' lang='lat' dir='ltr'>intervallo</span> <span class='ocrx_word' id='word_1_166' title='bbox 2185 1777 2254 1801; x_wconf 89' lang='lat' dir='ltr'>an-</span> 
     </span>
    </p>
   </div>
   <div class='ocr_carea' id='block_1_7' title="bbox 107 1766 2255 1868">
    <p class='ocr_par' dir='ltr' id='par_1_7' title="bbox 107 1766 2255 1868">
     <span class='ocr_line' id='line_1_18' title="bbox 107 1766 1152 1816; baseline -0.005 -7"><span class='ocrx_word' id='word_1_167' title='bbox 107 1770 297 1809; x_wconf 79' lang='lat' dir='ltr'>nodorum</span> <span class='ocrx_word' id='word_1_168' title='bbox 326 1770 497 1809; x_wconf 84' lang='lat' dir='ltr'>satellitis</span> <span class='ocrx_word' id='word_1_169' title='bbox 523 1768 657 1808; x_wconf 84' lang='lat' dir='ltr'>extimi</span> <span class='ocrx_word' id='word_1_170' title='bbox 683 1768 794 1808; x_wconf 88' lang='lat' dir='ltr'>Jovis</span> <span class='ocrx_word' id='word_1_171' title='bbox 812 1780 893 1806; x_wconf 82' lang='lat' dir='ltr'>esse</span> <span class='ocrx_word' id='word_1_172' title='bbox 911 1773 1061 1816; x_wconf 87' lang='lat' dir='ltr'>partem</span> <span class='ocrx_word' id='word_1_173' title='bbox 1078 1766 1152 1805; x_wconf 85' lang='lat' dir='ltr'>cir-</span> 
     </span>
     <span class='ocr_line' id='line_1_19' title="bbox 1205 1817 2255 1868; baseline -0.003 -12"><span class='ocrx_word' id='word_1_174' title='bbox 1205 1831 1348 1857; x_wconf 86' lang='lat' dir='ltr'>norum</span> <span class='ocrx_word' id='word_1_175' title='bbox 1367 1826 1524 1856; x_wconf 80' lang='lat' dir='ltr'>centum</span> <span class='ocrx_word' id='word_1_176' title='bbox 1544 1818 1605 1856; x_wconf 90' lang='lat'>80.</span> <span class='ocrx_word' id='word_1_177' title='bbox 1631 1818 1704 1856; x_wconf 79' lang='lat'>24‘.</span> <span class='ocrx_word' id='word_1_178' title='bbox 1767 1818 1832 1856; x_wconf 89' lang='lat' dir='ltr'>Ab</span> <span class='ocrx_word' id='word_1_179' title='bbox 1850 1818 1968 1868; x_wconf 87' lang='lat' dir='ltr'>hujus</span> <span class='ocrx_word' id='word_1_180' title='bbox 1986 1817 2117 1855; x_wconf 87' lang='lat' dir='ltr'>saeculi</span> <span class='ocrx_word' id='word_1_181' title='bbox 2143 1817 2255 1854; x_wconf 88' lang='lat' dir='ltr'>initio</span> 
     </span>
    </p>
   </div>
   <div class='ocr_carea' id='block_1_8' title="bbox 102 1820 1153 2033">
    <p class='ocr_par' dir='ltr' id='par_1_8' title="bbox 102 1820 1153 2033">
     <span class='ocr_line' id='line_1_20' title="bbox 107 1820 1153 1866; baseline -0.005 -4"><span class='ocrx_word' id='word_1_182' title='bbox 107 1826 201 1863; x_wconf 84' lang='lat' dir='ltr'>citer</span> <span class='ocrx_word' id='word_1_183' title='bbox 228 1829 318 1862; x_wconf 81' lang='grc'><strong>230.</strong></span> <span class='ocrx_word' id='word_1_184' title='bbox 341 1823 469 1861; x_wconf 71' lang='lat' dir='ltr'>motus</span> <span class='ocrx_word' id='word_1_185' title='bbox 500 1823 693 1861; x_wconf 87' lang='lat' dir='ltr'>nodorum</span> <span class='ocrx_word' id='word_1_186' title='bbox 726 1822 866 1866; x_wconf 66' lang='lat' dir='ltr'>Lunae,</span> <span class='ocrx_word' id='word_1_187' title='bbox 892 1820 959 1858; x_wconf 84' lang='lat' dir='ltr'>sed</span> <span class='ocrx_word' id='word_1_188' title='bbox 985 1827 1042 1858; x_wconf 85' lang='lat' dir='ltr'>est</span> <span class='ocrx_word' id='word_1_189' title='bbox 1068 1832 1153 1857; x_wconf 89' lang='lat' dir='ltr'>mo-</span> 
     </span>
     <span class='ocr_line' id='line_1_21' title="bbox 102 1872 1148 1919; baseline -0.006 -4"><span class='ocrx_word' id='word_1_190' title='bbox 102 1887 167 1916; x_wconf 72' lang='lat' dir='ltr'>tus</span> <span class='ocrx_word' id='word_1_191' title='bbox 185 1890 339 1915; x_wconf 88' lang='lat' dir='ltr'>annuus</span> <span class='ocrx_word' id='word_1_192' title='bbox 358 1877 548 1914; x_wconf 88' lang='lat' dir='ltr'>nodorum</span> <span class='ocrx_word' id='word_1_193' title='bbox 563 1876 689 1913; x_wconf 89' lang='lat' dir='ltr'>Lunae</span> <span class='ocrx_word' id='word_1_194' title='bbox 713 1874 796 1914; x_wconf 86' lang='lat'>190.</span> <span class='ocrx_word' id='word_1_195' title='bbox 816 1874 888 1911; x_wconf 89' lang='grc'>21’.</span> <span class='ocrx_word' id='word_1_196' title='bbox 907 1872 1008 1919; x_wconf 85' lang='grc'><strong>21”.,</strong></span> <span class='ocrx_word' id='word_1_197' title='bbox 1024 1881 1070 1910; x_wconf 90' lang='lat' dir='ltr'>ut</span> <span class='ocrx_word' id='word_1_198' title='bbox 1088 1873 1148 1910; x_wconf 91' lang='lat' dir='ltr'>di-</span> 
     </span>
     <span class='ocr_line' id='line_1_22' title="bbox 108 1924 1150 1978; baseline -0.006 -10"><span class='ocrx_word' id='word_1_199' title='bbox 108 1937 218 1968; x_wconf 91' lang='lat' dir='ltr'>cetur</span> <span class='ocrx_word' id='word_1_200' title='bbox 237 1938 378 1978; x_wconf 87' lang='lat' dir='ltr'>postea.</span> <span class='ocrx_word' id='word_1_201' title='bbox 439 1929 561 1966; x_wconf 85' lang='lat' dir='ltr'>Hisce</span> <span class='ocrx_word' id='word_1_202' title='bbox 588 1929 619 1966; x_wconf 83' lang='lat' dir='ltr'>si</span> <span class='ocrx_word' id='word_1_203' title='bbox 643 1927 920 1975; x_wconf 78' lang='lat' dir='ltr'>multiplicetur</span> <span class='ocrx_word' id='word_1_204' title='bbox 937 1933 1066 1964; x_wconf 87' lang='lat' dir='ltr'>motus</span> <span class='ocrx_word' id='word_1_205' title='bbox 1083 1924 1150 1963; x_wconf 88' lang='lat' dir='ltr'>ille</span> 
     </span>
     <span class='ocr_line' id='line_1_23' title="bbox 105 1980 1148 2033; baseline -0.005 -12"><span class='ocrx_word' id='word_1_206' title='bbox 105 1996 259 2022; x_wconf 88' lang='lat' dir='ltr'>annuus</span> <span class='ocrx_word' id='word_1_207' title='bbox 290 1996 357 2033; x_wconf 88' lang='lat' dir='ltr'>per</span> <span class='ocrx_word' id='word_1_208' title='bbox 389 1986 465 2021; x_wconf 90' lang='lat'>100</span> <span class='ocrx_word' id='word_1_209' title='bbox 495 1982 718 2032; x_wconf 77' lang='lat' dir='ltr'>factumque</span> <span class='ocrx_word' id='word_1_210' title='bbox 744 1980 936 2018; x_wconf 80' lang='lat' dir='ltr'>dividatur</span> <span class='ocrx_word' id='word_1_211' title='bbox 962 1991 1030 2029; x_wconf 88' lang='lat' dir='ltr'>per</span> <span class='ocrx_word' id='word_1_212' title='bbox 1057 1983 1148 2025; x_wconf 79' lang='lat'>250,</span> 
     </span>
    </p>
   </div>
   <div class='ocr_carea' id='block_1_9' title="bbox 1202 1870 2253 2016">
    <p class='ocr_par' dir='ltr' id='par_1_9' title="bbox 1202 1870 2253 2016">
     <span class='ocr_line' id='line_1_24' title="bbox 1202 1870 2253 1924; baseline -0.003 -15"><span class='ocrx_word' id='word_1_213' title='bbox 1202 1872 1357 1910; x_wconf 90' lang='lat' dir='ltr'>nullum</span> <span class='ocrx_word' id='word_1_214' title='bbox 1375 1874 1418 1908; x_wconf 90' lang='lat' dir='ltr'>in</span> <span class='ocrx_word' id='word_1_215' title='bbox 1436 1871 1548 1909; x_wconf 89' lang='lat' dir='ltr'>nodis</span> <span class='ocrx_word' id='word_1_216' title='bbox 1572 1871 1783 1924; x_wconf 80' lang='lat' dir='ltr'>satellitum</span> <span class='ocrx_word' id='word_1_217' title='bbox 1803 1871 2008 1921; x_wconf 85' lang='lat' dir='ltr'>jovialium</span> <span class='ocrx_word' id='word_1_218' title='bbox 2033 1870 2253 1908; x_wconf 87' lang='lat' dir='ltr'>sensibilem</span> 
     </span>
     <span class='ocr_line' id='line_1_25' title="bbox 1202 1923 2251 1963; baseline -0.003 -1"><span class='ocrx_word' id='word_1_219' title='bbox 1202 1932 1353 1962; x_wconf 88' lang='lat' dir='ltr'>motum</span> <span class='ocrx_word' id='word_1_220' title='bbox 1372 1924 1493 1962; x_wconf 82' lang='lat' dir='ltr'>fuisse</span> <span class='ocrx_word' id='word_1_221' title='bbox 1511 1925 1757 1963; x_wconf 85' lang='lat' dir='ltr'>observatum</span> <span class='ocrx_word' id='word_1_222' title='bbox 1775 1931 1937 1963; x_wconf 81' lang='lat' dir='ltr'>testatur</span> <span class='ocrx_word' id='word_1_223' title='bbox 1955 1925 2096 1962; x_wconf 86' lang='lat' dir='ltr'>clariss.</span> <span class='ocrx_word' id='word_1_224' title='bbox 2124 1923 2251 1962; x_wconf 88' lang='lat' dir='ltr'>Cassi-</span> 
     </span>
     <span class='ocr_line' id='line_1_26' title="bbox 1203 1977 1619 2016; baseline -0.002 -1"><span class='ocrx_word' id='word_1_225' title='bbox 1203 1990 1280 2016; x_wconf 90' lang='lat' dir='ltr'>nus</span> <span class='ocrx_word' id='word_1_226' title='bbox 1296 1978 1339 2014; x_wconf 90' lang='lat' dir='ltr'>in</span> <span class='ocrx_word' id='word_1_227' title='bbox 1360 1977 1490 2016; x_wconf 88' lang='lat' dir='ltr'>Elem.</span> <span class='ocrx_word' id='word_1_228' title='bbox 1512 1978 1619 2015; x_wconf 87' lang='lat' dir='ltr'>Astr.</span> 
     </span>
    </p>
   </div>
   <div class='ocr_carea' id='block_1_10' title="bbox 278 2082 2076 2674">
    <p class='ocr_par' dir='ltr' id='par_1_10' title="bbox 278 2082 2076 2674">
     <span class='ocr_line' id='line_1_27' title="bbox 278 2082 2076 2674; baseline 0 1498"><span class='ocrx_word' id='word_1_229' title='bbox 278 2082 2076 2674; x_wconf 95' lang='lat' dir='ltr'> </span> 
     </span>
    </p>
   </div>
   <div class='ocr_carea' id='block_1_11' title="bbox 102 2747 1147 3805">
    <p class='ocr_par' dir='ltr' id='par_1_11' title="bbox 102 2747 1147 3805">
     <span class='ocr_line' id='line_1_28' title="bbox 160 2747 1146 2803; baseline 0.008 -17"><span class='ocrx_word' id='word_1_230' title='bbox 160 2747 215 2800; x_wconf 71' lang='lat'>(⁸)</span> <span class='ocrx_word' id='word_1_231' title='bbox 242 2751 328 2788; x_wconf 86' lang='lat'>105.</span> <span class='ocrx_word' id='word_1_232' title='bbox 364 2750 415 2788; x_wconf 83' lang='lat' dir='ltr'>ob</span> <span class='ocrx_word' id='word_1_233' title='bbox 441 2764 599 2789; x_wconf 83' lang='lat' dir='ltr'>causam</span> <span class='ocrx_word' id='word_1_234' title='bbox 628 2766 745 2802; x_wconf 84' lang='lat' dir='ltr'>quom</span> <span class='ocrx_word' id='word_1_235' title='bbox 777 2755 836 2792; x_wconf 75' lang='lat' dir='ltr'>hic</span> <span class='ocrx_word' id='word_1_236' title='bbox 860 2767 1037 2803; x_wconf 66' lang='lat' dir='ltr'>exponere</span> <span class='ocrx_word' id='word_1_237' title='bbox 1066 2769 1146 2794; x_wconf 78' lang='lat' dir='ltr'>non</span> 
     </span>
     <span class='ocr_line' id='line_1_29' title="bbox 102 2803 1147 2857; baseline 0.008 -19"><span class='ocrx_word' id='word_1_238' title='bbox 102 2809 224 2840; x_wconf 80' lang='lat' dir='ltr'>vacat.</span> <span class='ocrx_word' id='word_1_239' title='bbox 285 2803 444 2840; x_wconf 86' lang='lat' dir='ltr'>Referat</span> <span class='ocrx_word' id='word_1_240' title='bbox 465 2804 492 2841; x_wconf 92' lang='lat' dir='ltr'>S</span> <span class='ocrx_word' id='word_1_241' title='bbox 515 2804 654 2849; x_wconf 90' lang='lat' dir='ltr'>Solem,</span> <span class='ocrx_word' id='word_1_242' title='bbox 675 2806 798 2855; x_wconf 86' lang='lat' dir='ltr'>sitque</span> <span class='ocrx_word' id='word_1_243' title='bbox 820 2806 855 2843; x_wconf 87' lang='lat' dir='ltr'>P</span> <span class='ocrx_word' id='word_1_244' title='bbox 873 2806 1033 2853; x_wconf 81' lang='lat' dir='ltr'>satelles,</span> <span class='ocrx_word' id='word_1_245' title='bbox 1053 2808 1147 2857; x_wconf 65' lang='lat' dir='ltr'>puta</span> 
     </span>
     <span class='ocr_line' id='line_1_30' title="bbox 105 2852 1144 2907; baseline 0.009 -17"><span class='ocrx_word' id='word_1_246' title='bbox 105 2852 223 2891; x_wconf 89' lang='lat' dir='ltr'>Luna</span> <span class='ocrx_word' id='word_1_247' title='bbox 257 2855 454 2893; x_wconf 91' lang='lat' dir='ltr'>revolvens</span> <span class='ocrx_word' id='word_1_248' title='bbox 489 2856 588 2894; x_wconf 61' lang='lat' dir='ltr'>circa</span> <span class='ocrx_word' id='word_1_249' title='bbox 618 2858 811 2905; x_wconf 83' lang='lat' dir='ltr'>planetam</span> <span class='ocrx_word' id='word_1_250' title='bbox 847 2859 1072 2907; x_wconf 88' lang='lat' dir='ltr'>primarium</span> <span class='ocrx_word' id='word_1_251' title='bbox 1107 2861 1144 2899; x_wconf 88' lang='grc' dir='ltr'><strong>Τ</strong></span> 
     </span>
     <span class='ocr_line' id='line_1_31' title="bbox 103 2906 1143 2961; baseline 0.006 -17"><span class='ocrx_word' id='word_1_252' title='bbox 103 2906 248 2945; x_wconf 85' lang='lat' dir='ltr'>scilicet</span> <span class='ocrx_word' id='word_1_253' title='bbox 277 2908 448 2955; x_wconf 86' lang='lat' dir='ltr'>Terram,</span> <span class='ocrx_word' id='word_1_254' title='bbox 469 2909 511 2946; x_wconf 88' lang='lat' dir='ltr'>in</span> <span class='ocrx_word' id='word_1_255' title='bbox 538 2910 712 2959; x_wconf 87' lang='lat' dir='ltr'>ellipseos</span> <span class='ocrx_word' id='word_1_256' title='bbox 738 2912 924 2950; x_wconf 87' lang='lat' dir='ltr'>umbilico</span> <span class='ocrx_word' id='word_1_257' title='bbox 951 2913 1143 2961; x_wconf 83' lang='lat' dir='ltr'>positum;</span> 
     </span>
     <span class='ocr_line' id='line_1_32' title="bbox 105 2958 1144 3019; baseline 0.008 -23"><span class='ocrx_word' id='word_1_258' title='bbox 105 2958 177 3019; x_wconf 68' lang='lat' dir='ltr'>erit</span> <span class='ocrx_word' id='word_1_259' title='bbox 198 2961 232 2997; x_wconf 94' lang='lat' dir='ltr'>B</span> <span class='ocrx_word' id='word_1_260' title='bbox 253 2961 353 3009; x_wconf 86' lang='lat' dir='ltr'>apsis</span> <span class='ocrx_word' id='word_1_261' title='bbox 372 2974 536 3008; x_wconf 89' lang='lat' dir='ltr'>summa,</span> <span class='ocrx_word' id='word_1_262' title='bbox 569 2967 606 3000; x_wconf 92' lang='lat' dir='ltr'>A</span> <span class='ocrx_word' id='word_1_263' title='bbox 627 2964 727 3012; x_wconf 84' lang='lat' dir='ltr'>apsis</span> <span class='ocrx_word' id='word_1_264' title='bbox 744 2964 835 3010; x_wconf 87' lang='lat' dir='ltr'>ima,</span> <span class='ocrx_word' id='word_1_265' title='bbox 860 2965 1007 3016; x_wconf 88' lang='lat' dir='ltr'>eritque</span> <span class='ocrx_word' id='word_1_266' title='bbox 1036 2967 1072 3003; x_wconf 92' lang='lat' dir='ltr'>T</span> <span class='ocrx_word' id='word_1_267' title='bbox 1096 2967 1144 3013; x_wconf 85' lang='lat' dir='ltr'>B,</span> 
     </span>
     <span class='ocr_line' id='line_1_33' title="bbox 105 3010 1142 3057; baseline 0.009 -9"><span class='ocrx_word' id='word_1_268' title='bbox 105 3010 284 3051; x_wconf 73' lang='lat' dir='ltr'>distantia</span> <span class='ocrx_word' id='word_1_269' title='bbox 319 3015 489 3052; x_wconf 84' lang='lat' dir='ltr'>maxima</span> <span class='ocrx_word' id='word_1_270' title='bbox 523 3023 562 3053; x_wconf 89' lang='lat' dir='ltr'>et</span> <span class='ocrx_word' id='word_1_271' title='bbox 601 3019 638 3054; x_wconf 91' lang='lat' dir='ltr'>A</span> <span class='ocrx_word' id='word_1_272' title='bbox 680 3018 715 3055; x_wconf 92' lang='lat' dir='ltr'>T</span> <span class='ocrx_word' id='word_1_273' title='bbox 751 3017 929 3055; x_wconf 86' lang='lat' dir='ltr'>distantia</span> <span class='ocrx_word' id='word_1_274' title='bbox 968 3018 1142 3057; x_wconf 89' lang='lat' dir='ltr'>minima.</span> 
     </span>
     <span class='ocr_line' id='line_1_34' title="bbox 105 3063 1145 3124; baseline 0.007 -21"><span class='ocrx_word' id='word_1_275' title='bbox 105 3063 134 3103; x_wconf 86' lang='lat' dir='ltr'><strong>J</strong></span> <span class='ocrx_word' id='word_1_276' title='bbox 135 3076 199 3124; x_wconf 74' lang='lat' dir='ltr'>am</span> <span class='ocrx_word' id='word_1_277' title='bbox 215 3065 305 3104; x_wconf 68' lang='lat' dir='ltr'>vero</span> <span class='ocrx_word' id='word_1_278' title='bbox 324 3065 402 3117; x_wconf 72' lang='lat' dir='ltr'>qud</span> <span class='ocrx_word' id='word_1_279' title='bbox 420 3068 548 3106; x_wconf 90' lang='lat' dir='ltr'>minor</span> <span class='ocrx_word' id='word_1_280' title='bbox 566 3077 621 3107; x_wconf 91' lang='lat' dir='ltr'>est</span> <span class='ocrx_word' id='word_1_281' title='bbox 640 3069 819 3108; x_wconf 89' lang='lat' dir='ltr'>distantia</span> <span class='ocrx_word' id='word_1_282' title='bbox 843 3071 877 3108; x_wconf 92' lang='lat' dir='ltr'>A</span> <span class='ocrx_word' id='word_1_283' title='bbox 901 3072 949 3117; x_wconf 86' lang='lat' dir='ltr'>T,</span> <span class='ocrx_word' id='word_1_284' title='bbox 971 3079 1145 3119; x_wconf 86' lang='lat' dir='ltr'>respectu</span> 
     </span>
     <span class='ocr_line' id='line_1_35' title="bbox 106 3115 1143 3174; baseline 0.007 -20"><span class='ocrx_word' id='word_1_285' title='bbox 106 3115 294 3156; x_wconf 76' lang='lat' dir='ltr'>distantiae</span> <span class='ocrx_word' id='word_1_286' title='bbox 316 3120 352 3157; x_wconf 88' lang='lat' dir='ltr'>T</span> <span class='ocrx_word' id='word_1_287' title='bbox 366 3121 415 3166; x_wconf 88' lang='lat' dir='ltr'>B,</span> <span class='ocrx_word' id='word_1_288' title='bbox 436 3119 483 3158; x_wconf 76' lang='lat' dir='ltr'>ed</span> <span class='ocrx_word' id='word_1_289' title='bbox 499 3122 659 3159; x_wconf 88' lang='lat' dir='ltr'>celerius</span> <span class='ocrx_word' id='word_1_290' title='bbox 673 3122 821 3172; x_wconf 89' lang='lat' dir='ltr'>apsides</span> <span class='ocrx_word' id='word_1_291' title='bbox 832 3124 1143 3174; x_wconf 87' lang='lat' dir='ltr'>progrediuntur,</span> 
     </span>
     <span class='ocr_line' id='line_1_36' title="bbox 106 3170 1145 3227; baseline 0.01 -21"><span class='ocrx_word' id='word_1_292' title='bbox 106 3170 194 3220; x_wconf 90' lang='lat' dir='ltr'>(per</span> <span class='ocrx_word' id='word_1_293' title='bbox 220 3178 299 3209; x_wconf 88' lang='lat' dir='ltr'>not.</span> <span class='ocrx_word' id='word_1_294' title='bbox 330 3172 372 3209; x_wconf 86' lang='lat' dir='ltr'>in</span> <span class='ocrx_word' id='word_1_295' title='bbox 407 3174 495 3211; x_wconf 91' lang='lat' dir='ltr'>Cor.</span> <span class='ocrx_word' id='word_1_296' title='bbox 527 3179 564 3212; x_wconf 91' lang='lat'>8.</span> <span class='ocrx_word' id='word_1_297' title='bbox 601 3175 716 3224; x_wconf 91' lang='lat' dir='ltr'>Prop.</span> <span class='ocrx_word' id='word_1_298' title='bbox 751 3177 915 3215; x_wconf 85' lang='lat' dir='ltr'>LXVI.</span> <span class='ocrx_word' id='word_1_299' title='bbox 949 3177 1038 3215; x_wconf 89' lang='lat' dir='ltr'>Lib.</span> <span class='ocrx_word' id='word_1_300' title='bbox 1074 3178 1145 3227; x_wconf 76' lang='lat' dir='ltr'>L).</span> 
     </span>
     <span class='ocr_line' id='line_1_37' title="bbox 106 3221 1143 3283; baseline 0.009 -24"><span class='ocrx_word' id='word_1_301' title='bbox 106 3221 171 3259; x_wconf 86' lang='lat' dir='ltr'>Ea</span> <span class='ocrx_word' id='word_1_302' title='bbox 187 3230 244 3283; x_wconf 71' lang='lat' dir='ltr'>est</span> <span class='ocrx_word' id='word_1_303' title='bbox 261 3225 503 3263; x_wconf 85' lang='lat' dir='ltr'>correctionis</span> <span class='ocrx_word' id='word_1_304' title='bbox 521 3240 634 3265; x_wconf 90' lang='lat' dir='ltr'>causa</span> <span class='ocrx_word' id='word_1_305' title='bbox 652 3241 768 3279; x_wconf 91' lang='lat' dir='ltr'>quam</span> <span class='ocrx_word' id='word_1_306' title='bbox 786 3237 899 3267; x_wconf 85' lang='lat' dir='ltr'>autor</span> <span class='ocrx_word' id='word_1_307' title='bbox 918 3238 1045 3267; x_wconf 88' lang='lat' dir='ltr'>noster</span> <span class='ocrx_word' id='word_1_308' title='bbox 1064 3243 1143 3267; x_wconf 90' lang='lat' dir='ltr'>non</span> 
     </span>
     <span class='ocr_line' id='line_1_38' title="bbox 103 3276 1143 3334; baseline 0.009 -23"><span class='ocrx_word' id='word_1_309' title='bbox 103 3282 272 3334; x_wconf 55' lang='lat' dir='ltr'>eJtpomt.</span> <span class='ocrx_word' id='word_1_310' title='bbox 333 3276 436 3315; x_wconf 70' lang='lat' dir='ltr'>Csim</span> <span class='ocrx_word' id='word_1_311' title='bbox 463 3280 567 3317; x_wconf 88' lang='lat' dir='ltr'>enim</span> <span class='ocrx_word' id='word_1_312' title='bbox 594 3282 773 3319; x_wconf 84' lang='lat' dir='ltr'>satellites</span> <span class='ocrx_word' id='word_1_313' title='bbox 800 3282 910 3320; x_wconf 86' lang='lat' dir='ltr'>Jovis</span> <span class='ocrx_word' id='word_1_314' title='bbox 928 3290 967 3321; x_wconf 90' lang='lat' dir='ltr'>et</span> <span class='ocrx_word' id='word_1_315' title='bbox 987 3283 1143 3320; x_wconf 85' lang='lat' dir='ltr'>Saturni</span> 
     </span>
     <span class='ocr_line' id='line_1_39' title="bbox 103 3326 1145 3380; baseline 0.012 -18"><span class='ocrx_word' id='word_1_316' title='bbox 103 3326 205 3365; x_wconf 72' lang='lat' dir='ltr'>circa</span> <span class='ocrx_word' id='word_1_317' title='bbox 230 3340 320 3366; x_wconf 89' lang='lat' dir='ltr'>suos</span> <span class='ocrx_word' id='word_1_318' title='bbox 344 3329 513 3378; x_wconf 77' lang='lat' dir='ltr'>planetas</span> <span class='ocrx_word' id='word_1_319' title='bbox 530 3334 730 3380; x_wconf 86' lang='lat' dir='ltr'>primarios</span> <span class='ocrx_word' id='word_1_320' title='bbox 747 3334 962 3373; x_wconf 83' lang='lat' dir='ltr'>describant</span> <span class='ocrx_word' id='word_1_321' title='bbox 979 3335 1145 3374; x_wconf 89' lang='lat' dir='ltr'>circulos</span> 
     </span>
     <span class='ocr_line' id='line_1_40' title="bbox 102 3380 1142 3438; baseline 0.009 -20"><span class='ocrx_word' id='word_1_322' title='bbox 102 3380 183 3419; x_wconf 75' lang='lat' dir='ltr'>fere</span> <span class='ocrx_word' id='word_1_323' title='bbox 210 3383 467 3422; x_wconf 77' lang='lat' dir='ltr'>concentricos</span> <span class='ocrx_word' id='word_1_324' title='bbox 495 3385 650 3438; x_wconf 85' lang='lat' dir='ltr'>(Pbaen.</span> <span class='ocrx_word' id='word_1_325' title='bbox 678 3387 712 3424; x_wconf 91' lang='lat' dir='ltr'>I.</span> <span class='ocrx_word' id='word_1_326' title='bbox 735 3394 773 3425; x_wconf 89' lang='lat' dir='ltr'>et</span> <span class='ocrx_word' id='word_1_327' title='bbox 798 3388 887 3437; x_wconf 82' lang='lat'>11.)</span> <span class='ocrx_word' id='word_1_328' title='bbox 910 3389 1027 3426; x_wconf 87' lang='lat' dir='ltr'>Luna</span> <span class='ocrx_word' id='word_1_329' title='bbox 1051 3388 1142 3428; x_wconf 72' lang='lat' dir='ltr'>vero</span> 
     </span>
     <span class='ocr_line' id='line_1_41' title="bbox 103 3433 1143 3489; baseline 0.009 -19"><span class='ocrx_word' id='word_1_330' title='bbox 103 3433 205 3471; x_wconf 71' lang='lat' dir='ltr'>circa</span> <span class='ocrx_word' id='word_1_331' title='bbox 240 3434 398 3472; x_wconf 83' lang='lat' dir='ltr'>Terram</span> <span class='ocrx_word' id='word_1_332' title='bbox 428 3436 472 3474; x_wconf 86' lang='lat' dir='ltr'>in</span> <span class='ocrx_word' id='word_1_333' title='bbox 501 3437 625 3477; x_wconf 66' lang='lat' dir='ltr'>orbita</span> <span class='ocrx_word' id='word_1_334' title='bbox 652 3440 821 3489; x_wconf 70' lang='lat' dir='ltr'>elliptica</span> <span class='ocrx_word' id='word_1_335' title='bbox 846 3441 1074 3487; x_wconf 84' lang='lat' dir='ltr'>revolvatur,</span> <span class='ocrx_word' id='word_1_336' title='bbox 1104 3449 1143 3480; x_wconf 88' lang='lat' dir='ltr'>et</span> 
     </span>
     <span class='ocr_line' id='line_1_42' title="bbox 102 3487 1144 3546; baseline 0.01 -24"><span class='ocrx_word' id='word_1_337' title='bbox 102 3487 226 3546; x_wconf 70' lang='lat' dir='ltr'>major</span> <span class='ocrx_word' id='word_1_338' title='bbox 243 3487 291 3525; x_wconf 92' lang='lat' dir='ltr'>sit</span> <span class='ocrx_word' id='word_1_339' title='bbox 307 3495 435 3526; x_wconf 91' lang='lat' dir='ltr'>motus</span> <span class='ocrx_word' id='word_1_340' title='bbox 448 3489 637 3528; x_wconf 87' lang='lat' dir='ltr'>nodorum</span> <span class='ocrx_word' id='word_1_341' title='bbox 652 3491 694 3529; x_wconf 89' lang='lat' dir='ltr'>in</span> <span class='ocrx_word' id='word_1_342' title='bbox 707 3493 828 3531; x_wconf 65' lang='lat' dir='ltr'>orbita</span> <span class='ocrx_word' id='word_1_343' title='bbox 843 3492 1012 3543; x_wconf 66' lang='lat' dir='ltr'>elliptica</span> <span class='ocrx_word' id='word_1_344' title='bbox 1024 3493 1144 3544; x_wconf 72' lang='lat' dir='ltr'>quam</span> 
     </span>
     <span class='ocr_line' id='line_1_43' title="bbox 102 3540 1141 3594; baseline 0.01 -19"><span class='ocrx_word' id='word_1_345' title='bbox 102 3550 145 3575; x_wconf 87' lang='lat' dir='ltr'>m</span> <span class='ocrx_word' id='word_1_346' title='bbox 170 3540 358 3586; x_wconf 86' lang='lat' dir='ltr'>circulari,</span> <span class='ocrx_word' id='word_1_347' title='bbox 390 3542 535 3580; x_wconf 89' lang='lat' dir='ltr'>caeteris</span> <span class='ocrx_word' id='word_1_348' title='bbox 563 3544 743 3582; x_wconf 89' lang='lat' dir='ltr'>omnibus</span> <span class='ocrx_word' id='word_1_349' title='bbox 765 3547 1022 3594; x_wconf 86' lang='lat' dir='ltr'>manentibus,</span> <span class='ocrx_word' id='word_1_350' title='bbox 1050 3548 1141 3585; x_wconf 89' lang='lat' dir='ltr'>hinc</span> 
     </span>
     <span class='ocr_line' id='line_1_44' title="bbox 103 3593 1142 3649; baseline 0.009 -21"><span class='ocrx_word' id='word_1_351' title='bbox 103 3599 233 3629; x_wconf 87' lang='lat' dir='ltr'>motus</span> <span class='ocrx_word' id='word_1_352' title='bbox 245 3593 354 3643; x_wconf 86' lang='lat' dir='ltr'>augis</span> <span class='ocrx_word' id='word_1_353' title='bbox 368 3594 646 3645; x_wconf 87' lang='lat' dir='ltr'>cujuscumque</span> <span class='ocrx_word' id='word_1_354' title='bbox 659 3597 830 3637; x_wconf 84' lang='lat' dir='ltr'>satellitis</span> <span class='ocrx_word' id='word_1_355' title='bbox 845 3612 913 3648; x_wconf 88' lang='lat' dir='ltr'>per</span> <span class='ocrx_word' id='word_1_356' title='bbox 923 3600 1142 3649; x_wconf 83' lang='lat' dir='ltr'>analogiam</span> 
     </span>
     <span class='ocr_line' id='line_1_45' title="bbox 106 3646 1141 3696; baseline 0.008 -15"><span class='ocrx_word' id='word_1_357' title='bbox 106 3655 153 3680; x_wconf 88' lang='lat' dir='ltr'>ex</span> <span class='ocrx_word' id='word_1_358' title='bbox 170 3653 280 3683; x_wconf 87' lang='lat' dir='ltr'>motu</span> <span class='ocrx_word' id='word_1_359' title='bbox 294 3647 405 3696; x_wconf 87' lang='lat' dir='ltr'>augis</span> <span class='ocrx_word' id='word_1_360' title='bbox 423 3646 566 3685; x_wconf 89' lang='lat' dir='ltr'>lunaris</span> <span class='ocrx_word' id='word_1_361' title='bbox 582 3648 771 3696; x_wconf 87' lang='lat' dir='ltr'>inventus,</span> <span class='ocrx_word' id='word_1_362' title='bbox 787 3650 952 3690; x_wconf 89' lang='lat' dir='ltr'>diminui</span> <span class='ocrx_word' id='word_1_363' title='bbox 970 3652 1083 3691; x_wconf 83' lang='lat' dir='ltr'>debet</span> <span class='ocrx_word' id='word_1_364' title='bbox 1100 3653 1141 3689; x_wconf 86' lang='lat' dir='ltr'>iu</span> 
     </span>
     <span class='ocr_line' id='line_1_46' title="bbox 107 3696 1143 3751; baseline 0.01 -19"><span class='ocrx_word' id='word_1_365' title='bbox 107 3696 253 3735; x_wconf 84' lang='lat' dir='ltr'>ratione</span> <span class='ocrx_word' id='word_1_366' title='bbox 280 3698 398 3746; x_wconf 71' lang='lat' dir='ltr'>paulo</span> <span class='ocrx_word' id='word_1_367' title='bbox 425 3699 573 3738; x_wconf 83' lang='lat' dir='ltr'>minore</span> <span class='ocrx_word' id='word_1_368' title='bbox 594 3699 712 3751; x_wconf 74' lang='lat' dir='ltr'>quam</span> <span class='ocrx_word' id='word_1_369' title='bbox 733 3706 749 3740; x_wconf 88' lang='lat'><em>1</em></span> <span class='ocrx_word' id='word_1_370' title='bbox 773 3703 822 3742; x_wconf 82' lang='lat' dir='ltr'>ad</span> <span class='ocrx_word' id='word_1_371' title='bbox 841 3709 877 3750; x_wconf 90' lang='grc'>2,</span> <span class='ocrx_word' id='word_1_372' title='bbox 897 3705 1047 3743; x_wconf 91' lang='lat' dir='ltr'>calculo</span> <span class='ocrx_word' id='word_1_373' title='bbox 1064 3718 1143 3743; x_wconf 86' lang='lat' dir='ltr'>non</span> 
     </span>
     <span class='ocr_line' id='line_1_47' title="bbox 107 3749 1019 3805; baseline 0.012 -20"><span class='ocrx_word' id='word_1_374' title='bbox 107 3749 269 3787; x_wconf 85' lang='lat' dir='ltr'>absimili</span> <span class='ocrx_word' id='word_1_375' title='bbox 289 3751 344 3788; x_wconf 89' lang='lat' dir='ltr'>illi</span> <span class='ocrx_word' id='word_1_376' title='bbox 363 3752 429 3802; x_wconf 89' lang='lat' dir='ltr'>qui</span> <span class='ocrx_word' id='word_1_377' title='bbox 452 3750 622 3791; x_wconf 90' lang='lat' dir='ltr'>XXXI.</span> <span class='ocrx_word' id='word_1_378' title='bbox 652 3755 765 3805; x_wconf 85' lang='lat' dir='ltr'>Prop.</span> <span class='ocrx_word' id='word_1_379' title='bbox 789 3756 1019 3795; x_wconf 87' lang='lat' dir='ltr'>instituetur.</span> 
     </span>
    </p>
   </div>
   <div class='ocr_carea' id='block_1_12' title="bbox 163 3816 1143 3871">
    <p class='ocr_par' dir='ltr' id='par_1_12' title="bbox 163 3816 1143 3871">
     <span class='ocr_line' id='line_1_48' title="bbox 163 3816 1143 3871; baseline 0.007 -13"><span class='ocrx_word' id='word_1_380' title='bbox 163 3816 217 3867; x_wconf 56' lang='grc' dir='ltr'>(ά)</span> <span class='ocrx_word' id='word_1_381' title='bbox 240 3821 260 3842; x_wconf 77' lang='lat'><em>*</em></span> <span class='ocrx_word' id='word_1_382' title='bbox 283 3822 536 3871; x_wconf 81' lang='lat' dir='ltr'>AEquationes</span> <span class='ocrx_word' id='word_1_383' title='bbox 555 3824 738 3861; x_wconf 70' lang='lat' dir='ltr'>marimce.</span> <span class='ocrx_word' id='word_1_384' title='bbox 792 3823 895 3861; x_wconf 88' lang='lat' dir='ltr'>Nam</span> <span class='ocrx_word' id='word_1_385' title='bbox 913 3836 1057 3864; x_wconf 85' lang='lat' dir='ltr'>errores</span> <span class='ocrx_word' id='word_1_386' title='bbox 1075 3837 1143 3865; x_wconf 75' lang='lat' dir='ltr'>an·</span> 
     </span>
    </p>
   </div>
   <div class='ocr_carea' id='block_1_13' title="bbox 1191 2751 2245 3758">
    <p class='ocr_par' dir='ltr' id='par_1_13' title="bbox 1199 2751 2245 3123">
     <span class='ocr_line' id='line_1_49' title="bbox 1199 2751 2245 2806; baseline -0.004 -13"><span class='ocrx_word' id='word_1_387' title='bbox 1199 2755 1353 2806; x_wconf 86' lang='lat' dir='ltr'>gulares</span> <span class='ocrx_word' id='word_1_388' title='bbox 1369 2755 1411 2793; x_wconf 90' lang='lat' dir='ltr'>in</span> <span class='ocrx_word' id='word_1_389' title='bbox 1431 2755 1594 2806; x_wconf 82' lang='lat' dir='ltr'>singulis</span> <span class='ocrx_word' id='word_1_390' title='bbox 1613 2751 1915 2793; x_wconf 81' lang='lat' dir='ltr'>revolutionibus</span> <span class='ocrx_word' id='word_1_391' title='bbox 1930 2753 2064 2804; x_wconf 83' lang='lat' dir='ltr'>geniti,</span> <span class='ocrx_word' id='word_1_392' title='bbox 2081 2751 2245 2803; x_wconf 71' lang='lat' dir='ltr'>ideoque</span> 
     </span>
     <span class='ocr_line' id='line_1_50' title="bbox 1200 2808 2244 2857; baseline -0.002 -12"><span class='ocrx_word' id='word_1_393' title='bbox 1200 2808 1426 2846; x_wconf 84' lang='lat' dir='ltr'>eorumdem</span> <span class='ocrx_word' id='word_1_394' title='bbox 1453 2821 1620 2846; x_wconf 88' lang='lat' dir='ltr'>errorem</span> <span class='ocrx_word' id='word_1_395' title='bbox 1649 2809 1901 2845; x_wconf 84' lang='lat' dir='ltr'>correctiones</span> <span class='ocrx_word' id='word_1_396' title='bbox 1924 2821 1991 2844; x_wconf 87' lang='lat' dir='ltr'>seu</span> <span class='ocrx_word' id='word_1_397' title='bbox 2012 2808 2244 2857; x_wconf 84' lang='lat' dir='ltr'>aequationes</span> 
     </span>
     <span class='ocr_line' id='line_1_51' title="bbox 1200 2861 2242 2909; baseline -0.001 -11"><span class='ocrx_word' id='word_1_398' title='bbox 1200 2861 1379 2898; x_wconf 84' lang='lat' dir='ltr'>maximae</span> <span class='ocrx_word' id='word_1_399' title='bbox 1394 2869 1484 2899; x_wconf 90' lang='lat' dir='ltr'>sunt</span> <span class='ocrx_word' id='word_1_400' title='bbox 1502 2869 1547 2899; x_wconf 83' lang='lat' dir='ltr'>ut</span> <span class='ocrx_word' id='word_1_401' title='bbox 1565 2861 1772 2899; x_wconf 88' lang='lat' dir='ltr'>satellitum</span> <span class='ocrx_word' id='word_1_402' title='bbox 1787 2869 1960 2909; x_wconf 80' lang='lat' dir='ltr'>tempora</span> <span class='ocrx_word' id='word_1_403' title='bbox 1978 2861 2170 2908; x_wconf 89' lang='lat' dir='ltr'>periodica</span> <span class='ocrx_word' id='word_1_404' title='bbox 2183 2873 2242 2897; x_wconf 80' lang='lat' dir='ltr'>re-</span> 
     </span>
     <span class='ocr_line' id='line_1_52' title="bbox 1201 2912 2238 2966; baseline -0.002 -16"><span class='ocrx_word' id='word_1_405' title='bbox 1201 2913 1365 2962; x_wconf 74' lang='lat' dir='ltr'>spective</span> <span class='ocrx_word' id='word_1_406' title='bbox 1392 2917 1477 2966; x_wconf 87' lang='lat' dir='ltr'>(per</span> <span class='ocrx_word' id='word_1_407' title='bbox 1509 2915 1596 2952; x_wconf 87' lang='lat' dir='ltr'>Cor.</span> <span class='ocrx_word' id='word_1_408' title='bbox 1625 2919 1685 2952; x_wconf 89' lang='lat'>16.</span> <span class='ocrx_word' id='word_1_409' title='bbox 1718 2914 1833 2962; x_wconf 88' lang='lat' dir='ltr'>Prop.</span> <span class='ocrx_word' id='word_1_410' title='bbox 1860 2914 2026 2951; x_wconf 88' lang='lat' dir='ltr'>LXVI.</span> <span class='ocrx_word' id='word_1_411' title='bbox 2052 2913 2141 2950; x_wconf 89' lang='lat' dir='ltr'>Lib.</span> <span class='ocrx_word' id='word_1_412' title='bbox 2166 2912 2238 2961; x_wconf 82' lang='lat' dir='ltr'>L).</span> 
     </span>
     <span class='ocr_line' id='line_1_53' title="bbox 1203 2965 2242 3015; baseline -0.003 -11"><span class='ocrx_word' id='word_1_413' title='bbox 1203 2966 1279 3004; x_wconf 89' lang='lat' dir='ltr'>Sed</span> <span class='ocrx_word' id='word_1_414' title='bbox 1306 2975 1479 3015; x_wconf 87' lang='lat' dir='ltr'>tempora</span> <span class='ocrx_word' id='word_1_415' title='bbox 1497 2967 1689 3015; x_wconf 89' lang='lat' dir='ltr'>periodica</span> <span class='ocrx_word' id='word_1_416' title='bbox 1708 2975 1799 3004; x_wconf 89' lang='lat' dir='ltr'>sunt</span> <span class='ocrx_word' id='word_1_417' title='bbox 1819 2975 1861 3004; x_wconf 89' lang='lat' dir='ltr'>ut</span> <span class='ocrx_word' id='word_1_418' title='bbox 1879 2973 2008 3003; x_wconf 88' lang='lat' dir='ltr'>motus</span> <span class='ocrx_word' id='word_1_419' title='bbox 2024 2965 2096 3013; x_wconf 81' lang='lat' dir='ltr'>ipsi</span> <span class='ocrx_word' id='word_1_420' title='bbox 2117 2978 2242 3015; x_wconf 89' lang='lat' dir='ltr'>angu-</span> 
     </span>
     <span class='ocr_line' id='line_1_54' title="bbox 1199 3018 2242 3072; baseline -0.001 -16"><span class='ocrx_word' id='word_1_421' title='bbox 1199 3018 1297 3057; x_wconf 91' lang='lat' dir='ltr'>lares</span> <span class='ocrx_word' id='word_1_422' title='bbox 1313 3020 1519 3068; x_wconf 74' lang='lat' dir='ltr'>respective</span> <span class='ocrx_word' id='word_1_423' title='bbox 1540 3020 1647 3072; x_wconf 88' lang='lat' dir='ltr'>(Lib.</span> <span class='ocrx_word' id='word_1_424' title='bbox 1669 3019 1739 3068; x_wconf 84' lang='lat' dir='ltr'>L).</span> <span class='ocrx_word' id='word_1_425' title='bbox 1781 3020 1912 3063; x_wconf 83' lang='lat' dir='ltr'>Quare</span> <span class='ocrx_word' id='word_1_426' title='bbox 1932 3020 1970 3055; x_wconf 93' lang='lat' dir='ltr'>in</span> <span class='ocrx_word' id='word_1_427' title='bbox 1990 3018 2127 3056; x_wconf 70' lang='lat' dir='ltr'>eadem</span> <span class='ocrx_word' id='word_1_428' title='bbox 2146 3030 2242 3068; x_wconf 85' lang='lat' dir='ltr'>quo-</span> 
     </span>
     <span class='ocr_line' id='line_1_55' title="bbox 1199 3071 2008 3123; baseline -0.002 -13"><span class='ocrx_word' id='word_1_429' title='bbox 1199 3085 1276 3123; x_wconf 91' lang='lat' dir='ltr'>que</span> <span class='ocrx_word' id='word_1_430' title='bbox 1294 3075 1440 3111; x_wconf 87' lang='lat' dir='ltr'>ratione</span> <span class='ocrx_word' id='word_1_431' title='bbox 1459 3081 1550 3111; x_wconf 92' lang='lat' dir='ltr'>sunt</span> <span class='ocrx_word' id='word_1_432' title='bbox 1568 3073 1801 3123; x_wconf 87' lang='lat' dir='ltr'>aequationes</span> <span class='ocrx_word' id='word_1_433' title='bbox 1819 3071 2008 3108; x_wconf 85' lang='lat' dir='ltr'>maximae.</span> 
     </span>
    </p>

    <p class='ocr_par' dir='ltr' id='par_1_14' title="bbox 1191 3124 2242 3758">
     <span class='ocr_line' id='line_1_56' title="bbox 1254 3124 2241 3178; baseline -0.005 -12"><span class='ocrx_word' id='word_1_434' title='bbox 1254 3125 1312 3178; x_wconf 69' lang='lat'>(²)</span> <span class='ocrx_word' id='word_1_435' title='bbox 1343 3129 1363 3150; x_wconf 75' lang='lat'>³*</span> <span class='ocrx_word' id='word_1_436' title='bbox 1406 3128 1572 3165; x_wconf 78' lang='lat' dir='ltr'>Variatio</span> <span class='ocrx_word' id='word_1_437' title='bbox 1602 3128 1771 3165; x_wconf 81' lang='lat' dir='ltr'>satellitis</span> <span class='ocrx_word' id='word_1_438' title='bbox 1800 3139 1820 3163; x_wconf 86' lang='lat' dir='ltr'>e</span> <span class='ocrx_word' id='word_1_439' title='bbox 1849 3128 1941 3164; x_wconf 81' lang='lat' dir='ltr'>Jove</span> <span class='ocrx_word' id='word_1_440' title='bbox 1970 3127 2136 3173; x_wconf 77' lang='lat' dir='ltr'>spectati,</span> <span class='ocrx_word' id='word_1_441' title='bbox 2166 3124 2241 3162; x_wconf 89' lang='lat' dir='ltr'>hoc</span> 
     </span>
     <span class='ocr_line' id='line_1_57' title="bbox 1198 3177 2241 3230; baseline -0.002 -14"><span class='ocrx_word' id='word_1_442' title='bbox 1198 3186 1266 3224; x_wconf 89' lang='lat' dir='ltr'>est,</span> <span class='ocrx_word' id='word_1_443' title='bbox 1295 3186 1423 3217; x_wconf 89' lang='lat' dir='ltr'>motus</span> <span class='ocrx_word' id='word_1_444' title='bbox 1450 3179 1646 3230; x_wconf 87' lang='lat' dir='ltr'>angularis</span> <span class='ocrx_word' id='word_1_445' title='bbox 1669 3178 1840 3216; x_wconf 86' lang='lat' dir='ltr'>satellitis</span> <span class='ocrx_word' id='word_1_446' title='bbox 1858 3185 1913 3214; x_wconf 90' lang='lat' dir='ltr'>est</span> <span class='ocrx_word' id='word_1_447' title='bbox 1932 3177 1981 3214; x_wconf 92' lang='lat' dir='ltr'>ad</span> <span class='ocrx_word' id='word_1_448' title='bbox 2001 3185 2152 3216; x_wconf 91' lang='lat' dir='ltr'>motum</span> <span class='ocrx_word' id='word_1_449' title='bbox 2171 3190 2241 3214; x_wconf 89' lang='lat' dir='ltr'>an-</span> 
     </span>
     <span class='ocr_line' id='line_1_58' title="bbox 1197 3229 2242 3282; baseline -0.001 -14"><span class='ocrx_word' id='word_1_450' title='bbox 1197 3231 1372 3282; x_wconf 87' lang='lat' dir='ltr'>gularem</span> <span class='ocrx_word' id='word_1_451' title='bbox 1406 3232 1533 3270; x_wconf 87' lang='lat' dir='ltr'>Lunae</span> <span class='ocrx_word' id='word_1_452' title='bbox 1564 3239 1609 3270; x_wconf 86' lang='lat' dir='ltr'>ut</span> <span class='ocrx_word' id='word_1_453' title='bbox 1637 3238 1728 3269; x_wconf 90' lang='lat' dir='ltr'>sunt</span> <span class='ocrx_word' id='word_1_454' title='bbox 1753 3230 1803 3268; x_wconf 88' lang='lat' dir='ltr'>ad</span> <span class='ocrx_word' id='word_1_455' title='bbox 1827 3229 1988 3268; x_wconf 88' lang='lat' dir='ltr'>invicem</span> <span class='ocrx_word' id='word_1_456' title='bbox 2015 3230 2085 3268; x_wconf 89' lang='lat' dir='ltr'>toti</span> <span class='ocrx_word' id='word_1_457' title='bbox 2112 3237 2242 3267; x_wconf 89' lang='lat' dir='ltr'>motus</span> 
     </span>
     <span class='ocr_line' id='line_1_59' title="bbox 1197 3283 2242 3334; baseline -0.001 -13"><span class='ocrx_word' id='word_1_458' title='bbox 1197 3284 1388 3322; x_wconf 87' lang='lat' dir='ltr'>nodorum</span> <span class='ocrx_word' id='word_1_459' title='bbox 1407 3285 1643 3333; x_wconf 84' lang='lat' dir='ltr'>temporibus</span> <span class='ocrx_word' id='word_1_460' title='bbox 1665 3284 1805 3334; x_wconf 89' lang='lat' dir='ltr'>quibus</span> <span class='ocrx_word' id='word_1_461' title='bbox 1829 3283 2034 3321; x_wconf 84' lang='lat' dir='ltr'>satelles-et</span> <span class='ocrx_word' id='word_1_462' title='bbox 2054 3283 2173 3321; x_wconf 90' lang='lat' dir='ltr'>Luna</span> <span class='ocrx_word' id='word_1_463' title='bbox 2190 3283 2242 3320; x_wconf 88' lang='lat' dir='ltr'>ad</span> 
     </span>
     <span class='ocr_line' id='line_1_60' title="bbox 1202 3335 2240 3381; baseline -0.003 -6"><span class='ocrx_word' id='word_1_464' title='bbox 1202 3337 1332 3375; x_wconf 87' lang='lat' dir='ltr'>Solem</span> <span class='ocrx_word' id='word_1_465' title='bbox 1349 3338 1609 3381; x_wconf 84' lang='lat' dir='ltr'>revolvuntur,</span> <span class='ocrx_word' id='word_1_466' title='bbox 1638 3335 1715 3374; x_wconf 74' lang='lat' dir='ltr'>sive</span> <span class='ocrx_word' id='word_1_467' title='bbox 1734 3335 1876 3374; x_wconf 75' lang='lat' dir='ltr'>clarius</span> <span class='ocrx_word' id='word_1_468' title='bbox 1893 3336 1934 3372; x_wconf 89' lang='lat' dir='ltr'>in</span> <span class='ocrx_word' id='word_1_469' title='bbox 1953 3336 2100 3373; x_wconf 85' lang='lat' dir='ltr'>ratione</span> <span class='ocrx_word' id='word_1_470' title='bbox 2119 3336 2240 3373; x_wconf 88' lang='lat' dir='ltr'>nodo.</span> 
     </span>
     <span class='ocr_line' id='line_1_61' title="bbox 1198 3388 2241 3428; baseline -0.002 -1"><span class='ocrx_word' id='word_1_471' title='bbox 1198 3402 1286 3427; x_wconf 86' lang='lat' dir='ltr'>rum</span> <span class='ocrx_word' id='word_1_472' title='bbox 1307 3391 1435 3428; x_wconf 88' lang='lat' dir='ltr'>Lunae</span> <span class='ocrx_word' id='word_1_473' title='bbox 1453 3390 1501 3428; x_wconf 86' lang='lat' dir='ltr'>ad</span> <span class='ocrx_word' id='word_1_474' title='bbox 1519 3399 1670 3427; x_wconf 88' lang='lat' dir='ltr'>motum</span> <span class='ocrx_word' id='word_1_475' title='bbox 1690 3388 1880 3427; x_wconf 86' lang='lat' dir='ltr'>nodorum</span> <span class='ocrx_word' id='word_1_476' title='bbox 1895 3401 2070 3426; x_wconf 89' lang='lat' dir='ltr'>annuum</span> <span class='ocrx_word' id='word_1_477' title='bbox 2090 3396 2129 3426; x_wconf 89' lang='lat' dir='ltr'>et</span> <span class='ocrx_word' id='word_1_478' title='bbox 2142 3396 2241 3427; x_wconf 90' lang='lat' dir='ltr'>tem-</span> 
     </span>
     <span class='ocr_line' id='line_1_62' title="bbox 1197 3441 2240 3491; baseline -0.001 -12"><span class='ocrx_word' id='word_1_479' title='bbox 1197 3442 1300 3491; x_wconf 88' lang='lat' dir='ltr'>poris</span> <span class='ocrx_word' id='word_1_480' title='bbox 1327 3443 1509 3491; x_wconf 82' lang='lat' dir='ltr'>periodIci</span> <span class='ocrx_word' id='word_1_481' title='bbox 1538 3443 1665 3480; x_wconf 84' lang='lat' dir='ltr'>Lunae</span> <span class='ocrx_word' id='word_1_482' title='bbox 1681 3441 1731 3479; x_wconf 85' lang='lat' dir='ltr'>ad</span> <span class='ocrx_word' id='word_1_483' title='bbox 1751 3449 1903 3491; x_wconf 86' lang='lat' dir='ltr'>tempus</span> <span class='ocrx_word' id='word_1_484' title='bbox 1922 3441 2162 3490; x_wconf 90' lang='lat' dir='ltr'>periodicum</span> <span class='ocrx_word' id='word_1_485' title='bbox 2181 3454 2240 3479; x_wconf 87' lang='lat' dir='ltr'>sa-</span> 
     </span>
     <span class='ocr_line' id='line_1_63' title="bbox 1196 3494 2241 3547; baseline 0 -15"><span class='ocrx_word' id='word_1_486' title='bbox 1196 3495 1327 3533; x_wconf 87' lang='lat' dir='ltr'>tellitis</span> <span class='ocrx_word' id='word_1_487' title='bbox 1352 3497 1440 3547; x_wconf 88' lang='lat' dir='ltr'>(per</span> <span class='ocrx_word' id='word_1_488' title='bbox 1468 3496 1556 3533; x_wconf 90' lang='lat' dir='ltr'>Cor.</span> <span class='ocrx_word' id='word_1_489' title='bbox 1582 3500 1643 3533; x_wconf 88' lang='lat'>16.</span> <span class='ocrx_word' id='word_1_490' title='bbox 1684 3495 1800 3543; x_wconf 87' lang='lat' dir='ltr'>Prop.</span> <span class='ocrx_word' id='word_1_491' title='bbox 1827 3495 1998 3533; x_wconf 71' lang='lat' dir='ltr'>LXVI.</span> <span class='ocrx_word' id='word_1_492' title='bbox 2027 3494 2116 3533; x_wconf 90' lang='lat' dir='ltr'>Lib.</span> <span class='ocrx_word' id='word_1_493' title='bbox 2141 3495 2176 3532; x_wconf 93' lang='grc' dir='ltr'>Ι.</span> <span class='ocrx_word' id='word_1_494' title='bbox 2202 3502 2241 3532; x_wconf 89' lang='lat' dir='ltr'>et</span> 
     </span>
     <span class='ocr_line' id='line_1_64' title="bbox 1197 3546 2240 3597; baseline 0 -13"><span class='ocrx_word' id='word_1_495' title='bbox 1197 3555 1276 3585; x_wconf 89' lang='lat' dir='ltr'>not.</span> <span class='ocrx_word' id='word_1_496' title='bbox 1300 3548 1342 3585; x_wconf 91' lang='lat' dir='ltr'>in</span> <span class='ocrx_word' id='word_1_497' title='bbox 1371 3549 1475 3585; x_wconf 89' lang='lat' dir='ltr'>idem</span> <span class='ocrx_word' id='word_1_498' title='bbox 1506 3548 1671 3597; x_wconf 87' lang='lat' dir='ltr'>Corol.).</span> <span class='ocrx_word' id='word_1_499' title='bbox 1743 3548 1836 3587; x_wconf 86' lang='lat' dir='ltr'>Jam</span> <span class='ocrx_word' id='word_1_500' title='bbox 1864 3546 1954 3586; x_wconf 71' lang='lat' dir='ltr'>vero</span> <span class='ocrx_word' id='word_1_501' title='bbox 1972 3555 2101 3585; x_wconf 89' lang='lat' dir='ltr'>motus</span> <span class='ocrx_word' id='word_1_502' title='bbox 2118 3547 2240 3584; x_wconf 89' lang='lat' dir='ltr'>nodo-</span> 
     </span>
     <span class='ocr_line' id='line_1_65' title="bbox 1197 3599 2239 3649; baseline 0 -12"><span class='ocrx_word' id='word_1_503' title='bbox 1197 3612 1285 3638; x_wconf 89' lang='lat' dir='ltr'>rum</span> <span class='ocrx_word' id='word_1_504' title='bbox 1306 3601 1434 3638; x_wconf 90' lang='lat' dir='ltr'>Lunae</span> <span class='ocrx_word' id='word_1_505' title='bbox 1453 3613 1607 3638; x_wconf 87' lang='lat' dir='ltr'>annuus</span> <span class='ocrx_word' id='word_1_506' title='bbox 1624 3607 1681 3639; x_wconf 77' lang='lat' dir='ltr'>est</span> <span class='ocrx_word' id='word_1_507' title='bbox 1700 3601 1862 3642; x_wconf 70' lang='grc' dir='ltr'><strong>6968ι”.</strong></span> <span class='ocrx_word' id='word_1_508' title='bbox 1886 3609 1930 3638; x_wconf 89' lang='lat' dir='ltr'>ut</span> <span class='ocrx_word' id='word_1_509' title='bbox 1955 3599 2086 3649; x_wconf 70' lang='lat' dir='ltr'>postea</span> <span class='ocrx_word' id='word_1_510' title='bbox 2104 3600 2239 3638; x_wconf 85' lang='lat' dir='ltr'>statui-</span> 
     </span>
     <span class='ocr_line' id='line_1_66' title="bbox 1196 3652 2240 3699; baseline -0.001 -9"><span class='ocrx_word' id='word_1_511' title='bbox 1196 3660 1261 3690; x_wconf 85' lang='lat' dir='ltr'>tur</span> <span class='ocrx_word' id='word_1_512' title='bbox 1291 3666 1315 3691; x_wconf 89' lang='lat' dir='ltr'>a</span> <span class='ocrx_word' id='word_1_513' title='bbox 1348 3653 1553 3699; x_wconf 60' lang='lat' dir='ltr'>Newtono,</span> <span class='ocrx_word' id='word_1_514' title='bbox 1588 3653 1713 3691; x_wconf 89' lang='lat' dir='ltr'>nodus</span> <span class='ocrx_word' id='word_1_515' title='bbox 1744 3662 1873 3693; x_wconf 87' lang='lat' dir='ltr'>autem</span> <span class='ocrx_word' id='word_1_516' title='bbox 1903 3653 2074 3691; x_wconf 83' lang='lat' dir='ltr'>satellitis</span> <span class='ocrx_word' id='word_1_517' title='bbox 2106 3652 2240 3691; x_wconf 89' lang='lat' dir='ltr'>extimi</span> 
     </span>
     <span class='ocr_line' id='line_1_67' title="bbox 1191 3704 2241 3758; baseline 0.001 -16"><span class='ocrx_word' id='word_1_518' title='bbox 1191 3705 1345 3758; x_wconf 86' lang='lat' dir='ltr'>jovialis</span> <span class='ocrx_word' id='word_1_519' title='bbox 1381 3706 1492 3743; x_wconf 83' lang='lat' dir='ltr'>annis</span> <span class='ocrx_word' id='word_1_520' title='bbox 1518 3713 1674 3745; x_wconf 90' lang='lat' dir='ltr'>centum</span> <span class='ocrx_word' id='word_1_521' title='bbox 1700 3708 1855 3746; x_wconf 83' lang='lat' dir='ltr'>conficit</span> <span class='ocrx_word' id='word_1_522' title='bbox 1882 3706 1943 3744; x_wconf 89' lang='lat'>80.</span> <span class='ocrx_word' id='word_1_523' title='bbox 1967 3706 2039 3744; x_wconf 77' lang='lat'>24&#39;.</span> <span class='ocrx_word' id='word_1_524' title='bbox 2074 3704 2241 3756; x_wconf 73' lang='lat' dir='ltr'>ideoque</span> 
     </span>
    </p>
   </div>
   <div class='ocr_carea' id='block_1_14' title="bbox 1197 3762 2244 3868">
    <p class='ocr_par' dir='ltr' id='par_1_15' title="bbox 1197 3762 2244 3868">
     <span class='ocr_line' id='line_1_68' title="bbox 1199 3762 2240 3827; baseline 0.003 -19"><span class='ocrx_word' id='word_1_525' title='bbox 1199 3779 1328 3809; x_wconf 83' lang='lat' dir='ltr'>motus</span> <span class='ocrx_word' id='word_1_526' title='bbox 1345 3771 1516 3823; x_wconf 88' lang='lat' dir='ltr'>ejusdem</span> <span class='ocrx_word' id='word_1_527' title='bbox 1536 3785 1690 3811; x_wconf 87' lang='lat' dir='ltr'>annuus</span> <span class='ocrx_word' id='word_1_528' title='bbox 1713 3782 1770 3812; x_wconf 83' lang='lat' dir='ltr'>est</span> <span class='ocrx_word' id='word_1_529' title='bbox 1795 3762 1914 3827; x_wconf 62' lang='lat'>302523</span> <span class='ocrx_word' id='word_1_530' title='bbox 1945 3784 2098 3826; x_wconf 79' lang='lat' dir='ltr'>tempus</span> <span class='ocrx_word' id='word_1_531' title='bbox 2115 3775 2240 3824; x_wconf 88' lang='lat' dir='ltr'>perio-</span> 
     </span>
     <span class='ocr_line' id='line_1_69' title="bbox 1197 3824 2244 3868; baseline 0.002 -6"><span class='ocrx_word' id='word_1_532' title='bbox 1197 3824 1330 3862; x_wconf 88' lang='lat' dir='ltr'>dicum</span> <span class='ocrx_word' id='word_1_533' title='bbox 1368 3825 1495 3863; x_wconf 81' lang='lat' dir='ltr'>Lunae</span> <span class='ocrx_word' id='word_1_534' title='bbox 1535 3834 1590 3865; x_wconf 84' lang='lat' dir='ltr'>est</span> <span class='ocrx_word' id='word_1_535' title='bbox 1631 3827 1781 3866; x_wconf 86' lang='lat' dir='ltr'>dierum</span> <span class='ocrx_word' id='word_1_536' title='bbox 1819 3833 1961 3868; x_wconf 63' lang='lat'>2752}</span> <span class='ocrx_word' id='word_1_537' title='bbox 2003 3837 2041 3867; x_wconf 86' lang='lat' dir='ltr'>et</span> <span class='ocrx_word' id='word_1_538' title='bbox 2071 3828 2244 3867; x_wconf 83' lang='lat' dir='ltr'>satellitis</span> 
     </span>
    </p>
   </div>
  </div>
 </body>
</html>
