2528 4172
0 4105 19 4172 πω·
0 4024 19 4089 ζ-ῑνρκ
0 3889 22 4014 Ἴ»-,ῐι,ζ’τίἐετ“

168 274 358 327 ann—
375 271 676 336 Tannus]
754 265 1158 322 PRINCIPIA
1197 265 1818 319 MATHEMATICA.
2231 275 2294 320 41

219 417 242 441 ⁸
265 415 481 453 Newtonus
507 414 571 453 hic
595 414 671 453 loci
697 420 889 462 receptam
906 410 1129 461 opinionem
1147 422 1206 448 se-

165 468 309 519 quitur,
347 467 519 505 maculas
555 468 695 505 solares
731 466 805 515 Ipsi
841 465 955 503 solari
991 463 1206 511 superficiei

165 522 376 568 inhaerere;
422 534 510 570 quae
544 521 676 570 opinio
710 519 771 556 his
811 519 933 557 tribus
968 516 1208 566 argumentis

165 575 330 624 nititur3
362 573 418 613 1⁰.
446 574 565 619 Quod
591 574 670 611 111ae
695 572 859 610 maculae
883 571 925 608 in
952 569 1080 608 medio
1109 569 1208 608 Solis

164 2057 269 2095 disco
287 2056 439 2094 latiores
456 2054 658 2092 videantur
675 2052 793 2105 quam
808 2054 921 2105 juxta
939 2054 1022 2104 ejus
1039 2054 1206 2094 limbum

165 2111 231 2148 ubi
259 2109 539 2160 angustissimae
566 2115 773 2156 apparent3
803 2116 842 2145 et
867 2108 1023 2159 quidem
1048 2111 1121 2147 hoc
1140 2110 1206 2147 de-

164 2171 351 2200 monstrat
376 2162 547 2199 maculas
574 2175 637 2199 eas
663 2173 742 2198 non
770 2174 852 2199 esse
876 2162 1048 2211 planetas
1069 2171 1204 2200 rotun-

165 2216 246 2260 dos,
277 2223 322 2254 ut
347 2215 506 2266 quidam
531 2214 722 2260 volebant,
752 2214 819 2252 sed
838 2227 918 2253 esse
937 2228 1096 2264 corpora
1114 2217 1204 2264 lata,

166 2281 245 2307 non
271 2267 362 2307 vero
387 2268 516 2317 spissa,
546 2275 585 2306 et
602 2280 625 2305 a
648 2268 735 2305 Sole
754 2280 832 2305 uon
852 2269 1022 2307 multum
1040 2269 1200 2309 distare:

164 2321 391 2360 nullomodo
417 2329 547 2359 tamen
578 2320 718 2359 exinde
747 2323 929 2368 probatur
960 2334 1023 2359 eas
1052 2335 1133 2360 esse
1164 2323 1206 2360 in

163 2374 248 2424 ipsa
283 2374 482 2424 superficie
522 2374 640 2413 Solis:
686 2373 771 2411 2um·
808 2376 1100 2426 Argumentum
1136 2385 1204 2424 est,

164 2427 270 2479 quod
298 2428 465 2476 spatium
490 2428 596 2478 quod
621 2426 786 2465 maculae
810 2429 1046 2466 emetiuntur
1064 2429 1105 2466 in
1123 2442 1206 2468 me-

164 2482 229 2519 dio
248 2481 352 2519 disco
374 2481 473 2519 Solis
491 2482 632 2519 diurno
650 2482 783 2530 spatio,
810 2482 859 2520 sit
875 2482 1205 2531 proportionatum

163 2535 396 2573 revolutioni
422 2534 605 2583 ipsarum,
634 2533 740 2585 quod
766 2535 893 2586 majus
912 2548 993 2573 esse
1011 2535 1205 2575 debuisset

165 2588 197 2625 si
216 2588 342 2626 forent
359 2588 414 2625 cis
435 2588 577 2634 Solem,
599 2588 668 2625 sed
688 2600 819 2625 rursus
837 2590 911 2626 hoc
930 2597 1205 2639 argumentum

165 2641 449 2690 proximitatem
475 2641 717 2679 macularum
740 2641 954 2690 superficiei
985 2642 1096 2689 Solis,
1125 2656 1206 2681 non

165 2692 257 2733 vero
288 2706 423 2732 earum
453 2693 526 2744 ipsi
555 2693 768 2743 superficiei
803 2694 904 2733 Solis
932 2695 1205 2735 adhaerentiam

120 2775 124 2778 -
167 2749 314 2796 probat.

223 2800 405 2852 Denique
431 2800 562 2839 asserit
592 2799 763 2839 Keillius
791 2800 988 2853 (Lection.
1016 2802 1103 2840 Ast.
1129 2802 1204 2853 V.)

167 2854 492 2893 observationibus
510 2854 693 2900 constare,
714 2855 885 2892 maculas
902 2868 990 2905 quae
1013 2854 1205 2906 integram

166 2907 446 2945 revolutionem
483 2912 531 2947 27
570 2907 719 2945 dierum
761 2908 975 2953 absolvunt,
1022 2909 1207 2947 tredecim

167 2972 257 2997 cum
276 2960 431 2998 semisse
449 2959 531 2999 dies
548 2960 769 3009 impendere
786 2970 831 2998 ut
848 2974 871 2998 a
889 2961 1009 2999 limbo
1027 2962 1205 3000 occiden-

167 3013 234 3050 tali
257 3014 356 3051 Solis
379 3013 429 3051 ad
452 3014 676 3051 orientalem
703 3014 934 3063 perveniant,
962 3014 1067 3052 unde
1091 3016 1206 3053 meri—

166 3064 209 3104 to
227 3066 422 3105 concludit
436 3067 539 3117 quod
559 3065 650 3105 cum
665 3066 870 3104 dimidium
888 3075 1041 3117 tempus
1058 3068 1206 3117 periodi

168 3131 249 3157 suae
267 3120 308 3157 in
327 3120 619 3158 transcurrendo
641 3120 737 3158 Solis
756 3120 861 3158 disco
879 3121 1117 3170 impendant,
1146 3123 1205 3171 ip-

170 3184 297 3210 sarum
316 3174 439 3211 orbita
456 3174 497 3211 in
515 3171 601 3222 ipsa
618 3173 818 3222 superficie
836 3174 950 3212 solari
968 3183 1088 3214 extet.
1149 3177 1208 3214 At.

172 3224 337 3263 Wolfius
357 3228 465 3278 (Ast.
488 3233 541 3263 n0·
570 3226 692 3276 413).
736 3227 945 3274 Quoniam,
966 3228 1103 3278 inquit,
1122 3241 1206 3267 ma.

171 3277 269 3314 culae
295 3279 434 3317 solares
460 3280 582 3318 tribus
612 3280 761 3318 circiter
787 3280 922 3319 diebus
946 3280 1094 3319 diutius
1119 3290 1207 3331 post

175 3329 305 3368 Solem
324 3332 444 3370 latent
461 3331 578 3383 quam
597 3334 908 3382 hemisphaerium
926 3335 1037 3372 nobis
1054 3335 1205 3384 conspi-

171 3394 290 3420 cuum
333 3393 577 3436 peragrantes
624 3395 871 3431 consumunt,
923 3387 1003 3425 Soli
1048 3388 1206 3438 quidem

170 3436 355 3483 proximae
381 3445 482 3485 sunt,
511 3451 590 3476 non
609 3439 680 3487 ipsi
701 3447 829 3477 tamen
848 3440 1062 3489 superficiei
1093 3441 1208 3479 solari

171 3489 369 3534 inhaerent,
389 3490 456 3528 sed
474 3491 642 3542 aliquam
661 3494 708 3530 ab
727 3491 773 3530 ea
791 3492 1010 3531 distantiam
1029 3495 1184 3533 habent.

227 3542 283 3579 Et
312 3542 469 3592 quidem
503 3544 545 3581 in
574 3552 879 3585 astronomorum
908 3546 1015 3585 fastis
1041 3560 1129 3598 quae
1164 3547 1208 3585 in

170 3595 349 3633 manibus
366 3604 563 3642 venerunt,
583 3610 784 3648 nunquam
801 3598 1046 3648 deprehendI,
1073 3613 1206 3639 macu-

171 3646 248 3684 lam
268 3660 335 3696 per
354 3648 535 3687 tredecim
555 3662 666 3698 super
684 3651 834 3689 discum
856 3652 955 3691 Solis
978 3661 1067 3691 actu
1086 3653 1216 3690 visam·

168 3700 300 3748 fuisse,
329 3702 479 3739 nullam
506 3701 685 3740 reducem
708 3711 796 3742 ante
813 3704 1008 3744 decimum
1026 3706 1208 3757 quintum

171 3752 275 3791 diem
301 3756 535 3793 observatam
547 3769 560 3801 ;
593 3762 631 3793 et
661 3756 820 3806 quidem
844 3757 936 3797 cum
968 3772 1072 3798 anno
1107 3763 1209 3799 1739

172 3805 349 3854 plurimae
391 3808 554 3847 maculae
601 3807 699 3846 Solis
742 3808 891 3849 discum
931 3819 1206 3861 percurrerent,

1256 408 1476 458 multasque
1493 411 1541 447 ab
1560 409 1734 460 ingressu
1753 409 1802 447 ad
1821 420 2017 460 egressum
2035 421 2158 459 usque
2174 422 2302 457 perse-

1257 473 1405 510 querer,
1427 463 1537 500 nulla
1554 463 1724 513 integros
1742 462 1924 500 tredecim
1944 461 2025 499 dies
2043 464 2084 498 in
2096 463 2200 500 disco
2214 476 2300 511 per-

1256 521 1355 551 stare
1386 515 1483 551 mihi
1514 516 1593 553 visa
1625 523 1704 562 est3
1744 515 1836 553 cum
1865 523 1994 553 autem
2027 516 2188 565 quaestio
2218 517 2301 555 haec

1256 573 1346 610 tota,
1368 567 1417 604 sit
1435 567 1484 605 de
1501 570 1616 615 facto,
1633 569 1796 607 referam
1810 568 2090 606 observationes
2105 568 2200 606 duas
2214 582 2302 619 quae

1255 620 1539 658 accuratissime
1566 622 1750 659 institutae
1770 622 1970 667 videntur;
2001 621 2225 660 desumetur
2245 623 2301 660 al·

1258 680 1339 710 tera
1358 685 1378 709 e
1400 673 1740 712 Transactionibus
1767 674 2049 723 Philosophicis
2071 675 2301 725 Anglicanis

1256 737 1296 761 n.
1332 729 1422 771 294,
1457 727 1575 764 altera
1603 740 1625 765 e
1654 727 1791 765 Diario
1818 729 2075 766 Eruditorum
2101 728 2152 765 ad
2178 741 2301 767 annos

1261 782 1374 817 1676.
1402 782 1516 818 1677.
1549 808 1555 815 .

1312 837 1337 853 ‘⁶
1360 835 1418 870 15.
1445 833 1545 869 Maii
1565 832 1658 870 anni
1681 836 1780 872 1703
1801 833 2074 883 Septempedali
2094 834 2300 884 telescopio

1257 884 1356 922 circa
1374 893 1549 923 centrum
1569 886 1667 924 Solis
1685 887 1879 924 maculam
1897 887 2042 925 detexit
2058 889 2163 926 Dnus.
2187 889 2299 926 Stan-

1256 950 1382 986 nyan:
1407 938 1581 976 eamdem
1601 939 1813 977 observavit
1830 940 1966 978 diebus
1983 942 2242 991 sequentibus,
2263 948 2302 980 et

1260 995 1324 1027 22.
1364 991 1463 1028 Maii
1495 1004 1609 1046 mane
1633 992 1717 1042 jam
1749 993 1960 1030 admodum
1991 994 2156 1033 vicinam
2181 995 2301 1033 limbo

1261 1042 1360 1081 Solis
1379 1056 1465 1081 eam
1483 1045 1603 1093 vidit;
1634 1044 1716 1084 23².
1743 1046 1845 1083 Maii
1871 1046 1965 1084 hora
1985 1047 2092 1086 sexta
2109 1047 2302 1087 matutina

1257 1097 1458 1145 appulerat
1487 1098 1537 1135 ad
1568 1099 1695 1148 ipsum
1727 1098 1894 1137 limbum
1927 1100 2037 1147 Solis,
2068 1110 2232 1152 angusta
2262 1108 2302 1140 et

1257 1151 1398 1196 tenuis,
1428 1151 1562 1188 similis
1589 1152 1725 1198 aristae,
1751 1159 1789 1189 et
1815 1153 1899 1202 ejus
1926 1152 2107 1193 distantia
2133 1169 2157 1193 a
2179 1155 2301 1193 limbo

1259 1204 1360 1241 Solis
1387 1216 1465 1241 non
1494 1206 1701 1243 excedebat
1718 1205 1839 1254 ipsius
1857 1205 2019 1243 maculae
2038 1220 2194 1256 parvam
2218 1208 2301 1246 dia-

1257 1266 1439 1294 metrum.
1500 1258 1658 1303 Octava‚
1688 1259 1848 1304 decima,
1878 1258 2182 1311 duodecimaque
2207 1262 2302 1300 hora

1257 1310 1366 1348 illam
1390 1310 1517 1349 adhuc
1543 1312 1720 1359 videbat;
1749 1311 1918 1350 secunda
1935 1313 2028 1350 hora
2046 1314 2118 1362 ipsi
2136 1315 2300 1351 circum-

1258 1362 1431 1401 ferentiae
1458 1364 1647 1413 applicata
1673 1372 1766 1411 erat,
1793 1377 1865 1402 nec
1892 1366 2050 1403 visibilis
2076 1367 2147 1415 ipsi
2166 1367 2302 1406 fuisset

1258 1416 1332 1453 nisi
1351 1416 1433 1454 tota
1451 1418 1513 1455 die
1531 1418 1664 1456 oculos
1682 1418 1723 1455 in
1741 1419 1864 1466 ipsam
1892 1418 2059 1457 intentos
2082 1420 2277 1459 habuisset
2287 1435 2300 1468 ς

1258 1477 1394 1519 quarta
1412 1470 1578 1521 denique
1597 1473 1690 1508 hora
1708 1472 1863 1509 nullum
1883 1472 1966 1522 ejus
1985 1473 2189 1524 vestigium
2208 1474 2301 1512 tele-

1259 1523 1388 1571 scopio
1415 1523 1548 1561 decem
1576 1533 1614 1562 et
1640 1532 1729 1563 octo
1755 1524 1899 1573 pedum
1919 1525 2065 1572 optimo
2083 1528 2300 1575 apparebat,

1260 1576 1366 1614 unde
1393 1577 1641 1615 statuendum
1667 1578 1775 1615 illam
1802 1576 1965 1616 omnino
1983 1591 2004 1615 e
2033 1579 2122 1617 Sole
2143 1579 2303 1618 exivisse

1258 1629 1351 1666 hora
1371 1629 1432 1667 3²²·
1451 1637 1537 1679 post
1554 1630 1754 1668 meridiem
1775 1635 1858 1668 23²³en
1879 1630 1955 1669 diei
1977 1632 2089 1670 Maii.

1315 1682 1448 1720 Tertia
1474 1684 1500 1723 J
1505 1684 1588 1722 unii
1615 1693 1653 1722 et
1680 1684 1927 1735 sequentibus
1952 1684 2087 1723 diebus
2105 1685 2154 1723 ad
2172 1687 2303 1724 obser-

1260 1735 1430 1773 vationes
1457 1737 1570 1775 rediit
1598 1745 1737 1784 noster,
1767 1750 1861 1775 usus
1888 1737 2095 1787 telescopio
2113 1739 2246 1777 decem
2265 1746 2304 1777 et

1257 1798 1346 1827 octo
1376 1790 1546 1838 pedum3
1588 1791 1746 1829 tandem
1775 1790 1837 1828 die
1866 1790 2028 1839 septima
2057 1792 2181 1838 Junii,
2208 1791 2304 1830 hora

1258 1840 1371 1879 tertia
1389 1844 1663 1891 pomeridiana,
1685 1844 1863 1882 eamdem
1881 1844 2075 1882 maculam
2093 1848 2155 1896 (ut
2173 1854 2304 1893 postea

1257 1896 1395 1932 certior
1421 1898 1506 1947 ejus
1530 1898 1656 1936 factus
1684 1897 1759 1947 est)
1785 1897 1883 1935 Solis
1901 1897 2054 1935 discum
2072 1900 2304 1937 subeuntem

1255 1947 1374 1994 vidit;
1404 1950 1496 1988 hora
1514 1950 1652 2001 quarta
1671 1951 1803 1989 decem
1823 1958 1861 1987 et
1879 1959 1965 1989 octo
1984 1951 2130 1999 pedum
2144 1952 2304 1989 telesco-

1258 2001 1324 2049 pio
1350 2002 1440 2040 Sole
1467 2003 1704 2041 lucidissimo
1722 2016 1808 2041 eam
1827 2003 2006 2041 distincte
2026 2005 2131 2051 vidit,
2162 2005 2228 2042 sed
2247 2012 2304 2042 te-

1257 2067 1375 2092 nuem
1391 2056 1603 2094 admodum
1618 2065 1656 2094 et
1671 2056 1838 2106 elliptica
1850 2056 2105 2106 atmosphaera
2122 2058 2301 2104 cinctam,

1256 2110 1504 2158 sequentibus
1528 2109 1618 2148 vero
1635 2111 1770 2148 diebus
1789 2122 1836 2147 ex
1855 2110 1915 2147 via
1936 2110 1999 2148 cui
2018 2111 2165 2154 institit,
2198 2123 2302 2148 eam-

1257 2160 1346 2198 dem
1366 2175 1446 2200 esse
1464 2176 1582 2213 quam
1600 2164 1706 2212 prius
1724 2163 1869 2200 viderat
1887 2163 2055 2213 agnovit,
2086 2171 2124 2201 et
2141 2177 2227 2201 eam
2246 2171 2305 2202 est

1255 2223 1478 2262 persecutus
1496 2218 1743 2267 sequentibus
1762 2216 1909 2261 diebus,
1929 2217 2052 2254 donec
2066 2217 2223 2255 tandem
2242 2221 2303 2256 18.

1257 2267 1286 2306 J
1289 2268 1370 2305 unii
1399 2270 1527 2307 tenuis
1556 2282 1737 2318 apparere
1768 2269 1923 2318 incepit,
1951 2269 2013 2308 die
2035 2269 2126 2308 vero
2152 2269 2304 2308 decima

1258 2320 1364 2359 nona
1381 2324 1429 2360 ab
1446 2322 1542 2361 hora
1561 2326 1634 2362 50²-
1659 2322 1849 2361 matutina
1868 2336 1953 2360 eam
1975 2325 2173 2361 observare
2192 2323 2304 2373 caepit

1255 2375 1461 2424 telescopio
1496 2376 1630 2414 decem
1660 2385 1699 2414 et
1731 2384 1819 2414 octo
1849 2375 1994 2423 pedum
2027 2375 2107 2415 fere
2139 2376 2303 2427 singulis

1255 2428 1496 2476 semi-horis3
1524 2428 1620 2467 hora
1637 2426 1869 2467 duodecima
1887 2429 2141 2478 atmosphaera
2160 2438 2198 2468 et
2216 2443 2303 2468 sen-

1257 2481 1359 2519 sibili
1386 2482 1590 2521 latitudine
1617 2483 1819 2531 spoliatam
1837 2481 1945 2528 vidit,
1966 2491 2004 2521 et
2021 2483 2118 2521 adeo
2137 2483 2303 2521 vicinam

1259 2535 1360 2573 Solis
1383 2536 1515 2582 limbo,
1539 2544 1585 2574 ut
1608 2537 1670 2573 vix
1700 2537 1800 2574 inter
1817 2535 1940 2584 ipsam
1960 2544 1999 2574 et
2017 2536 2181 2574 limbum
2205 2537 2302 2574 Solis

1255 2587 1354 2626 lucis
1380 2589 1512 2627 radius
1543 2590 1824 2638 perciperetur;
1868 2588 1964 2627 hora
1989 2589 2160 2627 secunda
2186 2603 2301 2627 evan.

1255 2643 1414 2686 escebat,
1436 2642 1490 2681 ita
1508 2650 1553 2681 ut
1571 2642 1666 2682 hora
1683 2640 1855 2681 secunda
1872 2654 1965 2680 cum
1983 2643 2139 2681 semisse
2157 2656 2301 2682 evanu-

1254 2694 1328 2733 isse
1347 2696 1538 2735 censenda
1556 2697 1616 2734 sit.

1310 2749 1420 2800 Ergo
1447 2764 1471 2788 a
1498 2755 1561 2788 23.
1586 2750 1686 2788 Maii
1712 2748 1809 2788 hora
1835 2748 1949 2789 tertia
1967 2748 2232 2798 pomeridiana¹
2250 2748 2301 2788 ad

1258 2803 1461 2850 septimam
1488 2804 1602 2853 Junii
1628 2802 1765 2841 eadem
1792 2802 1887 2842 hora
1912 2803 2026 2841 latuit
2049 2802 2212 2848 macula,
2233 2815 2303 2851 per

1255 2855 1425 2906 integros
1452 2857 1593 2895 scilicet
1617 2856 1841 2907 quindecim
1859 2856 1965 2894 dies:
1998 2858 2046 2894 ab
2065 2869 2111 2893 eo
2130 2863 2302 2904 tempore

1255 2908 1305 2946 ad
1327 2914 1375 2948 19
1394 2910 1544 2949 discum
1562 2910 1814 2960 pertransivit,
1843 2923 1912 2959 per
1929 2909 2135 2947 duodecim
2161 2921 2302 2957 nempe

1256 2961 1383 3000 dies.”

1314 3016 1451 3054 Altera
1477 3015 1690 3055 observatio
1719 3016 1831 3054 111mi.
1853 3015 2003 3054 Cassini
2029 3015 2121 3052 huic
2140 3012 2300 3053 omnino

1257 3080 1429 3120 congrua
1442 3078 1566 3108 exstat
1584 3071 1622 3107 in
1643 3070 1767 3118 primo
1785 3069 2038 3108 Eruditorum
2057 3067 2193 3105 Diario
2208 3068 2301 3105 anni

1259 3126 1392 3168 1677„
1425 3123 1505 3161 illic
1538 3124 1694 3161 exhibet
1727 3123 1909 3161 Cassinus
1940 3121 2105 3171 figuram
2135 3120 2299 3158 maculae

1255 3188 1344 3226 quae
1364 3181 1427 3215 30.
1455 3176 1634 3215 Octobris
1657 3180 1768 3214 1676.
1793 3177 1980 3213 observari
2001 3173 2125 3222 caepit,
2142 3174 2300 3212 evaluit

1260 3229 1491 3268 Novembris
1527 3229 1584 3268 3².
1663 3229 1812 3266 Iterum
1853 3226 2061 3275 conspicua
2098 3226 2199 3264 facta
2242 3235 2301 3265 est

1257 3282 1479 3332 quindecim
1510 3291 1596 3331 post
1614 3281 1707 3325 dies
1743 3293 1885 3329 nempe
1923 3280 2009 3317 18²·
2040 3280 2298 3326 Novembris3

1257 3336 1414 3374 evanuit
1444 3334 1535 3374 vero
1566 3342 1653 3384 post
1683 3333 1889 3371 duodecim
1916 3333 2009 3379 dies,
2038 3345 2178 3381 nempe
2207 3332 2301 3370 hora

1259 3388 1395 3438 quarta
1439 3389 1515 3427 diei
1559 3394 1645 3427 50³³·
1686 3386 1925 3432 Novembris,
1972 3386 2301 3425 observationibus

1257 3440 1402 3492 magna
1432 3440 1528 3480 cura.
1563 3440 1745 3478 institutis
1771 3439 1821 3477 ad
1855 3439 2028 3490 singulas
2059 3438 2139 3477 fere
2174 3441 2299 3485 horas,

1257 3503 1391 3544 postea
1408 3494 1499 3533 vero
1522 3494 1600 3533 15²¹
1622 3492 1848 3531 Decembris
1866 3491 1961 3530 hora
1979 3490 2191 3529 meridiana
2209 3505 2300 3530 cum

1258 3549 1423 3591 semisse,
1452 3547 1657 3595 telescopio
1676 3550 1739 3585 35.
1762 3545 1905 3595 pedum
1925 3546 1967 3583 in
1985 3545 2106 3583 limbo
2123 3544 2300 3583 orientali

1262 3601 1362 3638 Solis
1388 3600 1467 3638 visa
1493 3609 1561 3645 est,
1591 3607 1636 3636 ut
1659 3599 1777 3637 instar
1801 3599 1914 3636 lineae
1937 3601 2109 3637 obscurae
2126 3611 2198 3636 nec
2216 3598 2302 3635 aliis

1258 3652 1472 3701 telescopiis
1507 3651 1695 3690 observari
1730 3659 1888 3702 poterat,
1926 3653 2174 3702 sequentibus
2209 3648 2300 3688 vero

1260 3705 1395 3744 diebus
1420 3705 1534 3743 facile
1553 3705 1671 3743 videri
1697 3706 1824 3754 potuit
1837 3720 1850 3752 ;
1877 3705 1969 3743 hinc
1988 3717 2056 3754 per
2079 3703 2298 3755 quindecim

1261 3758 1343 3796 dies
1378 3758 1550 3796 maculas
1585 3758 1712 3803 latere,
1749 3770 1819 3806 per
1846 3758 2051 3797 duodecim
2082 3758 2165 3796 dies
2202 3755 2301 3795 Solis

1262 3810 1412 3850 discum
1431 3820 1686 3850 transcurrere
1704 3810 1836 3863 liquet.
