2528 4172
586 263 900 317 FLUXUS
938 263 1040 316 AC
1079 260 1500 314 REFLUXUS
1540 258 1802 312 MARIS.
2154 263 2252 307 281

148 456 150 459 ,
196 408 234 471 ᾗ.
261 411 348 456 51.
390 405 447 457 Si
471 405 586 474 quis
603 405 716 474 jam
743 422 809 456 ex
832 403 930 455 hac
956 402 1128 466 tabula
1155 402 1491 454 elevationem
1518 401 1671 452 maris
1698 417 1854 473 supra
1880 406 2069 448 statum
2094 398 2259 447 maxi-

127 511 227 545 mae
252 494 595 563 depressionis
622 494 676 544 in
699 492 953 543 mensuris
987 492 1204 560 cognitis
1231 489 1446 542 definire
1472 490 1706 551 voluerit,
1745 489 1788 539 is
1813 486 1928 537 loco
1953 484 2261 536 fractionum

123 584 195 718 g}
220 626 272 667 et
294 585 362 697 ἒ
401 634 580 667 earum
617 615 816 667 valores
854 616 909 666 in
945 615 1164 683 pedibus
1203 614 1449 667 Parisinis
1475 632 1543 665 ex
1574 618 1611 681 ᾗ.
1639 620 1726 664 41.
1755 611 2044 673 substituat,
2084 607 2260 661 habita

120 757 317 807 ratione
355 755 610 808 distantiae
648 755 818 808 Lunae
855 775 886 807 a
924 754 1107 820 Terra,
1146 766 1304 825 prout
1340 755 1532 807 ibidem
1582 764 1660 806 est
1709 753 2019 822 expositum.
2117 752 2258 804 Con-

119 853 407 914 sequuntur
442 854 614 896 autem
654 862 720 895 ex
760 844 859 896 hac
908 843 1081 896 tabula
1129 844 1293 896 multa
1340 844 1551 915 egregia
1599 842 1930 904 consectaria,
1970 859 2087 911 quae
2135 839 2258 893 vero

117 938 351 989 nondum
390 956 593 989 summo
629 956 748 989 cum
785 938 958 1008 rigore
983 938 1050 989 ad
1075 936 1446 1005 experientiam
1470 935 1756 986 examinari
1792 943 2024 1001 possunt,
2063 932 2260 984 etiamsi

109 1028 219 1096 jam
261 1026 476 1097 insignis
514 1026 874 1084 convenientia
912 1025 1347 1094 deprehendatur.
1446 1025 1656 1095 Aquam
1699 1021 1837 1073 enim
1877 1021 2048 1072 adhuc
2091 1021 2258 1073 omnis

116 1115 316 1166 inertiae
336 1125 605 1184 expertem
629 1116 901 1183 ponimus3
927 1115 1261 1184 perspicuum
1286 1123 1459 1165 autem
1484 1121 1576 1175 est,
1617 1112 1660 1163 si
1684 1129 1833 1181 aquae
1858 1111 2043 1162 inertia
2066 1112 2260 1163 tribua-

116 1217 217 1269 tur,
246 1218 358 1259 tum
387 1207 593 1259 diversa
617 1208 830 1259 omnino
865 1208 1212 1277 phaenomena
1235 1208 1362 1260 oriri
1398 1216 1654 1276 oportere.
1734 1204 1895 1267 Qubd
1932 1206 1975 1256 si
2012 1206 2169 1277 igitur
2204 1206 2261 1257 hi

117 1298 365 1369 assignati
401 1298 611 1350 effectus
643 1300 753 1368 jam
789 1317 909 1351 cum
945 1299 1393 1351 observationibus
1428 1296 1584 1366 plane
1613 1295 1979 1358 consentirent,
2007 1296 2061 1347 id
2086 1294 2260 1364 potius

115 1385 372 1438 theoriam
399 1398 651 1440 everteret
677 1387 831 1457 quam
858 1388 1205 1451 confirmaret,
1243 1386 1365 1439 cum
1391 1405 1578 1456 aquam
1603 1395 1755 1437 extra·
1775 1394 1965 1437 statum
1991 1404 2143 1438 suum
2166 1405 2260 1438 na-

115 1477 336 1529 turalem
374 1478 533 1530 simus
571 1478 923 1547 contemplati.
1001 1479 1218 1530 Interim
1254 1488 1429 1529 tamen
1467 1478 1587 1528 satis
1624 1476 1736 1528 tuto
1765 1478 1875 1546 jam
1911 1486 2071 1528 status
2104 1478 2260 1529 maris

116 1567 213 1618 sub
249 1567 374 1636 ipsis
411 1568 546 1636 polis
584 1569 776 1636 poterit
811 1568 1032 1632 definiri,
1073 1569 1161 1639 qui
1198 1569 1293 1620 etsi
1329 1568 1396 1619 ad
1436 1568 1807 1637 experientiam
1832 1569 2119 1620 examinari
2153 1587 2261 1620 non

113 1667 301 1726 potest,
340 1668 515 1710 tamen
550 1658 660 1727 ipsa
697 1660 896 1711 ratione
933 1659 1340 1711 confirmabitur.
1418 1660 1500 1711 Ac
1536 1657 1707 1727 primo
1746 1658 1955 1729 quidem
1993 1658 2089 1709 sub
2125 1659 2259 1727 polis

114 1746 257 1797 nulla
294 1746 392 1798 erit
427 1747 585 1798 maris
623 1747 839 1798 mutatio
877 1746 1079 1809 diurna,
1125 1745 1247 1799 cum
1281 1747 1435 1799 Luna
1464 1765 1559 1815 per
1583 1757 1750 1798 totum
1776 1747 1914 1798 diem
1941 1748 2158 1799 eandem
2185 1759 2261 1800 te-

114 1846 236 1888 neat
260 1836 326 1887 ab
363 1836 634 1888 horizonte
673 1837 983 1901 distantiam,
1023 1837 1079 1889 id
1116 1838 1256 1907 quod
1293 1838 1405 1906 ipsa
1431 1856 1636 1908 quoque
1661 1839 1792 1889 ratio
1819 1839 1993 1902 dictat,
2035 1840 2155 1908 quia
2190 1839 2263 1890 ibi

113 1943 222 1976 non
259 1924 412 1976 datur
447 1926 779 1989 meridianus,
819 1946 850 1977 a
886 1926 1031 1994 cujus
1069 1925 1291 1995 appulsu
1322 1935 1477 1977 aestus
1504 1927 1660 1977 maris
1687 1927 1809 1978 alibi
1843 1927 2089 1978 aestimari
2115 1928 2261 1980 solet.

118 2015 349 2068 Dabitur
385 2025 559 2067 tamen
594 2014 675 2066 his
712 2015 839 2066 locis
875 2015 1093 2066 mutatio
1130 2025 1409 2078 menstrua,
1450 2024 1606 2084 atque
1632 2034 1766 2084 aqua
1789 2015 2015 2067 maxime
2043 2017 2140 2068 erit
2165 2017 2263 2068 hu-

114 2106 250 2157 milis
277 2102 397 2157 cum
425 2105 579 2157 Luna
604 2104 658 2154 in
683 2104 797 2172 ipso
822 2113 1084 2173 aequatore
1109 2113 1340 2154 versatur
1359 2122 1374 2164 3
1402 2121 1507 2172 quo
1534 2103 1726 2172 quippe
1751 2113 1985 2171 tempore
2008 2103 2262 2172 perpetuo

114 2194 441 2246 horizontem
482 2192 771 2261 occupabit.
849 2191 995 2244 Hinc
1031 2190 1191 2260 porro
1225 2210 1360 2260 aqua
1385 2191 1574 2243 sensim
1600 2192 1886 2243 elevabitur
1909 2203 2067 2261 prout
2092 2194 2262 2245 Lunae

116 2285 393 2337 declinatio
420 2285 526 2336 sive
550 2281 729 2335 versus
754 2282 967 2334 boream
993 2282 1100 2334 sive
1125 2279 1304 2333 versus
1330 2291 1563 2333 austrum
1590 2292 1826 2352 augetur,
1859 2282 2026 2333 donec
2052 2282 2262 2333 tandem

116 2377 160 2427 si
184 2375 461 2427 declinatio
498 2374 558 2425 fit
592 2373 833 2435 maxima,
873 2391 968 2441 per
995 2373 1221 2441 spatium
1251 2380 1316 2425 10
1342 2373 1590 2442 pollicum
1616 2383 1818 2424 tantum
1845 2372 2103 2435 elevetur3
2144 2391 2262 2443 quae

114 2466 333 2518 mutatio
359 2463 478 2517 cum
502 2464 567 2515 sit
589 2462 841 2533 perquam
866 2464 1022 2526 lenta,
1051 2463 1116 2515 ab
1142 2463 1327 2516 inertia
1354 2484 1504 2535 aquae
1528 2465 1616 2516 vix
1643 2464 1950 2516 turbabitur.

189 2559 228 2621 ᾗ.
256 2560 342 2607 52.
380 2553 468 2605 Ex
501 2551 584 2603 his
621 2550 746 2603 vero
784 2551 966 2603 iisdem
1003 2551 1241 2604 formulis
1278 2552 1488 2604 effectus
1515 2572 1546 2605 a
1574 2553 1695 2605 Sole
1721 2552 1972 2604 oriundus
1997 2544 2107 2605 non
2130 2553 2263 2605 diffi-

116 2644 280 2697 culter
315 2644 618 2715 colligetur3
663 2651 863 2694 tantum
906 2642 1041 2694 enim
1087 2643 1399 2713 quantitates
1446 2644 1483 2696 S
1520 2653 1572 2695 et
1607 2663 1654 2707 a,
1695 2643 1811 2695 loco
1837 2641 1886 2693 L
1908 2643 2259 2695 etbsubstitui

116 2743 337 2803 oportet,
378 2751 482 2802 quo
507 2732 644 2783 facto
671 2731 883 2783 effectus
923 2732 1060 2784 Solis
1097 2733 1302 2785 circiter
1328 2744 1510 2804 quater
1535 2734 1706 2785 minor
1728 2734 2015 2802 reperietur
2040 2731 2193 2802 quam
2218 2733 2262 2784 is

117 2826 206 2895 qui
238 2844 270 2876 a
305 2823 457 2876 Luna
484 2824 665 2876 oritur.
746 2825 975 2877 Seorsim
1003 2835 1177 2876 autem
1202 2823 1321 2876 cum
1352 2826 1485 2877 Solis
1510 2823 1622 2877 tum
1649 2825 1817 2876 Lunae
1843 2823 2106 2876 effectibus
2133 2823 2261 2875 defi-

116 2916 254 2978 uitis,
293 2933 388 2984 per
426 2915 845 2984 conjunctionem
882 2916 1164 2984 simplicem
1206 2916 1433 2979 effectuS,
1473 2936 1626 2986 quem
1652 2917 1805 2968 ambo
1839 2916 2112 2967 luminaria
2137 2934 2261 2967 con-

109 3006 330 3075 junctim
372 3006 688 3076 producunt,
737 3005 1180 3058 determinabitur.
1282 3007 1545 3058 Ponamus
1587 3007 1761 3076 itaque
1809 3005 2036 3075 primum
2084 3006 2261 3058 Solem

118 3094 427 3163 Lunamque
465 3093 521 3144 in
560 3094 923 3163 conjunctione
959 3094 1169 3156 versari,
1208 3093 1264 3145 id
1301 3094 1442 3165 quod
1471 3094 1532 3146 fit
1568 3104 1803 3164 tempore
1827 3094 2109 3156 novilunii3
2149 3103 2261 3145 tum

117 3184 276 3255 igitur
310 3182 545 3255 neglecta
587 3184 759 3235 Lunae
796 3183 1084 3246 latitudine,
1133 3183 1224 3235 Sol
1260 3193 1312 3235 et
1348 3183 1502 3235 Luna
1536 3183 1590 3234 in
1629 3183 1811 3234 eodem
1855 3183 2104 3251 eclipticae
2144 3183 2260 3234 loco

119 3273 479 3335 versabuntur,
522 3282 676 3343 atque
714 3273 867 3325 simul
903 3273 973 3324 ad
1007 3273 1349 3324 meridianum
1376 3272 1523 3343 aeque
1548 3291 1607 3324 ac
1634 3273 1700 3324 ad
1736 3273 2058 3325 horizontem
2084 3274 2260 3342 appel-

117 3361 240 3413 lent.
319 3361 582 3423 Quocirca
616 3362 945 3413 manentibus
983 3362 1331 3429 superioribus
1370 3362 1889 3425 denominationibus,
1932 3364 2029 3414 erit
2054 3383 2260 3434 quoque

120 3452 257 3505 Solis
285 3451 644 3504 declinationis
672 3453 813 3503 sinus
848 3474 901 3500 =
938 3452 1007 3515 Q,
1039 3452 1242 3503 cosinus
1277 3472 1329 3499 =
1363 3470 1413 3521 q,
1443 3471 1503 3503 ac
1528 3470 1625 3520 pro
1651 3453 1843 3523 angulo
1870 3452 1935 3504 M
1964 3453 2009 3504 P
2035 3453 2084 3505 L
2118 3455 2262 3524 cujus

118 3541 329 3591 -cosinus
355 3550 432 3592 est
456 3561 508 3588 =
537 3550 574 3603 t,
605 3541 702 3592 erit
721 3541 861 3592 sinus
881 3540 1166 3593 altitudinis
1196 3540 1330 3592 Solis
1347 3541 1539 3610 pariter
1558 3541 1634 3592 uti
1660 3541 1828 3593 Lunae
1847 3564 1897 3590 =
1915 3552 1936 3594 t
1950 3561 1985 3611 p
2003 3562 2036 3613 q
2052 3552 2105 3605 -{-
2126 3544 2170 3596 P
2189 3544 2257 3605 Q.

123 3631 209 3683 Ex
235 3650 338 3700 quo
364 3631 491 3682 dum
517 3631 672 3683 ambo
698 3631 972 3683 luminaria
1008 3649 1102 3700 per
1137 3630 1481 3689 meridianum
1513 3629 1690 3682 versus
1717 3642 1947 3684 austrum
1974 3642 2257 3694 transeunt,

124 3738 275 3790 aquae
314 3721 550 3785 elevatio,
597 3739 715 3792 quae
753 3732 863 3774 tum
900 3722 1001 3775 erit
1036 3722 1277 3785 maxima,
1318 3721 1640 3774 altitudinem
1676 3724 1962 3775 naturalem
2000 3721 2261 3792 superabit
