2528 4172
285 255 375 307 xiv
862 266 866 269 ·
1034 230 1043 248 ²
1077 226 1628 307 I'NTRODUCTIO
2175 257 2335 321 [off.
2365 257 2408 308 1.

285 396 322 445 S
350 396 397 444 A
428 394 473 445 Β
499 396 642 463 cujus
679 395 866 447 limbus
893 397 944 447 A
972 396 1018 447 C
1047 396 1092 448 B
1125 397 1179 447 in
1203 373 1395 468 gradus
1421 408 1473 450 et
1497 398 1694 450 minuta
1732 398 1924 450 divisus
1963 409 2040 450 est
2075 399 2148 451 ita
2172 401 2409 453 statuitur

281 493 337 534 ut
361 482 507 532 filum
536 485 573 536 S
602 484 647 535 C
672 484 728 536 D
754 483 984 553 pondere
1010 484 1065 535 D
1092 493 1295 537 tensum
1320 486 1542 556 ideoque
1579 488 1835 550 verticale‚
1875 488 2092 538 limbum
2129 487 2264 540 illius
2298 499 2409 540 tan-

277 580 381 641 gat,
409 570 597 623 deinde
621 569 693 623 ita
719 572 931 624 vertitur
955 581 1013 623 ut
1039 572 1179 626 sidus
1207 574 1256 626 L
1281 575 1424 644 cujus
1451 575 1670 628 altitudo
1690 575 2012 628 observanda
2030 584 2122 639 est,
2150 593 2244 644 per
2260 576 2408 647 diop-'-

1216 761 1260 807 Z

741 855 785 904 L

271 2259 378 2299 tras
405 2255 492 2297 aut
516 2264 610 2315 per
636 2242 973 2311 telescopium
997 2241 1147 2292 lateri
1179 2242 1213 2293 S
1244 2241 1289 2292 Β
1317 2241 1532 2293 affixum
1557 2241 1790 2294 videatur
1813 2243 1869 2294 in
1894 2244 2077 2296 eodem
2107 2245 2267 2296 latere
2297 2246 2333 2297 S
2360 2244 2408 2296 Β

270 2339 547 2407 producto,
615 2339 739 2398 Quo
763 2336 915 2396 fact0‚
943 2334 1166 2384 habetur
1192 2351 1340 2383 arcus
1369 2334 1418 2383 A
1451 2334 1512 2394 C,
1541 2351 1783 2384 mensura
1807 2334 2089 2387 altitudinis
2116 2335 2407 2403 apparentis

271 2429 321 2481 L
363 2431 400 2482 S
435 2429 500 2492 h;
540 2448 660 2480 nam
699 2426 816 2478 cum
855 2424 1001 2475 filum
1040 2443 1068 2475 e
1107 2422 1405 2492 quadrantis
1446 2432 1624 2474 centro
1666 2425 1718 2486 S,
1759 2424 1991 2491 pendens
2031 2425 2095 2475 sit
2129 2443 2330 2492 semper
2355 2425 2409 2474 in

270 2517 429 2584 plano
466 2515 711 2578 verticali,
753 2513 1009 2584 quadrans
1051 2513 1101 2563 A
1144 2513 1180 2564 S
1221 2511 1266 2562 B
1305 2511 1401 2561 erit
1438 2511 1590 2562 etiam
1626 2512 1680 2562 in
1710 2513 1892 2564 eodem
1917 2514 2090 2581 plano,
2120 2514 2292 2581 (Eucl.
2326 2521 2406 2566 18.

274 2605 402 2670 XI.)
430 2605 650 2674 ideoque
687 2603 723 2654 h
758 2621 784 2652 r
821 2601 887 2652 ad
917 2603 953 2653 S
980 2602 1035 2653 D
1061 2598 1523 2669 perpendicularis,
1552 2600 1649 2651 erit
1672 2600 1962 2653 intersectio
1987 2603 2267 2655 horizontis
2295 2622 2407 2654 sen-

274 2695 434 2746 sibilis
461 2706 512 2747 et
535 2694 677 2762 plani
702 2691 956 2745 verticalis
981 2708 1077 2758 per
1116 2687 1163 2739 L
1200 2688 1356 2750 ducti,
1386 2687 1538 2757 atque
1564 2690 1784 2760 angulus
1813 2691 1861 2742 L
1889 2692 1927 2743 S
1951 2690 1988 2740 h
2013 2691 2193 2742 sideris
2223 2691 2268 2742 L
2295 2690 2407 2742 alti-

273 2784 403 2835 tudo
441 2800 709 2852 apparens.
780 2781 894 2850 vSed
932 2780 974 2831 si
1011 2779 1077 2830 ab
1115 2777 1315 2848 angulis
1352 2777 1504 2828 rectis
1543 2778 1593 2829 L
1622 2779 1659 2831 S
1685 2779 1754 2842 A,
1790 2788 1841 2830 et
1865 2778 1902 2829 h
1931 2780 1968 2831 S
1993 2779 2065 2841 D,
2095 2777 2408 2829 subducatur

274 2873 562 2924 communis
587 2872 625 2923 h
655 2873 691 2924 S
719 2871 786 2934 A,
815 2877 1083 2922 remanent
1109 2866 1332 2936 aequales
1359 2866 1536 2937 anguli
1567 2867 1616 2919 L
1643 2868 1681 2921 S
1706 2868 1741 2918 h
1768 2878 1820 2920 et
1845 2869 1894 2920 A
1925 2869 1962 2920 S
1991 2868 2068 2930 C3
2107 2868 2259 2938 hujus
2284 2868 2407 2920 vero

273 2979 514 3013 mensura
539 2970 615 3012 est
640 2978 789 3011 arcus
817 2959 868 3010 A
897 2958 958 3009 C.

350 3057 431 3100 12.
473 3049 619 3100 Hinc
657 3047 879 3099 describi
916 3054 1089 3114 potest
1113 3043 1251 3097 linea
1275 3044 1561 3097 meridiana
1585 3044 1742 3114 supra
1767 3064 1922 3115 quam
1948 3046 1990 3096 si
2016 3037 2253 3097 statuitur
2288 3063 2407 3112 per-

272 3136 673 3205 pendiculariter
699 3134 956 3205 quadrans
983 3133 1178 3195 circuli,
1221 3133 1483 3184 observari
1508 3134 1698 3201 poterit
1724 3131 1941 3184 altitudo
1964 3132 2250 3183 meridiana
2274 3132 2408 3183 side-

272 3228 364 3280 ris.
440 3227 579 3278 Nam
606 3226 918 3278 meridianus
955 3225 1220 3294 portiones
1260 3224 1374 3274 illas
1414 3223 1724 3276 circulorum
1750 3224 1998 3293 aequatori
2022 3223 2403 3291 parallelorum,

276 3333 393 3385 quae
432 3334 589 3383 supra
624 3315 946 3365 horizontem
984 3313 1212 3365 eminent
1249 3321 1301 3362 et
1339 3311 1428 3380 qui
1471 3330 1617 3363 arcus
1655 3311 1828 3362 diurni
1870 3311 2128 3374 dicuntur,
2170 3310 2407 3363 bifariam

275 3415 413 3457 secat
439 3410 554 3474 (per
581 3405 665 3456 El.
694 3406 798 3456 XI.
832 3412 912 3457 19.
940 3412 992 3455 et
1017 3410 1084 3465 4.,
1126 3413 1178 3453 et
1205 3401 1286 3453 El.
1320 3402 1426 3452 III.
1457 3401 1564 3466 30.)
1604 3399 1723 3452 cum
1748 3402 1814 3453 sit
1837 3402 1936 3453 illis
1963 3402 2164 3453 circulis
2190 3413 2242 3454 et
2265 3402 2405 3453 hori-

276 3496 414 3547 zonti
440 3515 527 3548 eos
554 3515 702 3548 arcus
727 3493 1024 3548 terminanti
1057 3491 1513 3562 perpendicularis,
1540 3501 1592 3543 et
1615 3501 1890 3560 propterea
1916 3493 1957 3543 si
1980 3492 2034 3543 in
2060 3493 2254 3560 cirpulo
2277 3509 2405 3561 quo-

276 3583 404 3636 libet
448 3585 638 3637 diurno
678 3594 944 3636 sumantur
986 3593 1178 3651 puncta
1221 3581 1326 3631 duo
1370 3580 1494 3631 hinc
1536 3578 1658 3632 inde
1701 3580 1951 3632 orientem
1996 3590 2046 3633 et
2089 3581 2405 3633 occidentem

277 3672 453 3725 versus
479 3693 510 3725 a
534 3673 821 3726 meridiano
848 3673 1241 3742 aequidistantia,
1269 3689 1331 3721 ea
1354 3678 1547 3737 puncta
1563 3678 1714 3720 erunt
1733 3685 1888 3737 supra
1905 3670 2222 3721 horizontem
2248 3669 2405 3720 sensi-

279 3763 438 3815 bilem
463 3761 611 3827 aeque
638 3762 757 3825 alta,
786 3771 838 3814 et
862 3761 1043 3812 contra
1069 3761 1110 3812 si
1137 3758 1284 3829 aeque
1310 3758 1419 3810 alta'
1437 3758 1555 3822 sint,
1594 3777 1625 3810 a
1648 3758 1934 3811 meridiano
1958 3760 2080 3812 hinc
2103 3757 2222 3811 inde
2248 3759 2402 3829 aequi-
