2528 4172
298 285 402 333 264
710 273 1152 339 INQUISITIO
1193 274 1533 329 PHYSICA
1573 276 1656 328 IN
1698 275 2023 329 CAUSAM

845 421 1325 491 S(yy-2xx)

823 489 1365 574 δὴδί-Ἦ,
1428 453 1481 505 in
1534 452 1817 505 directione
1878 452 2003 505 vero
2065 453 2131 506 M
2182 455 2232 507 R
2281 455 2331 506 vi
2378 474 2436 499 =

297 454 569 527 urgebitur
617 453 668 505 vi
715 485 772 509 ε·-

356 608 386 651 3
418 600 458 651 S
482 616 518 648 Χ
541 616 577 667 y
822 666 834 679 ·

294 701 326 733 a
349 682 369 711 3
405 684 456 733 Μ
492 686 550 750 (Χ
573 681 592 705 ‘²
630 690 683 743 —{-
716 701 751 751 y
776 682 815 747 2)

364 777 402 839 §.
430 779 514 825 28.
558 773 643 825 Ex
667 773 749 825 his
774 773 933 845 igitur
955 772 1229 842 postremis
1254 771 1489 825 formulis
1514 773 1821 846 intelligitur
1846 775 1912 826 ab
1937 773 2139 826 actione
2168 773 2303 827 Solis
2330 772 2434 825 sive

293 864 463 917 Lunae
488 866 541 916 in
570 867 607 919 S
634 866 899 919 existentis
924 865 1228 937 gravitatem
1255 866 1523 935 particulae
1551 866 1617 919 M
1642 867 1821 938 augeri
1847 866 1889 919 si
1915 867 2023 935 ejus
2050 866 2175 918 situs
2200 874 2437 934 respectu

290 965 447 1007 rectae
476 956 512 1007 S
541 955 586 1007 C
622 956 693 1007 ita
717 956 872 1008 fuerit
898 965 1240 1026 comparatus,
1281 966 1339 1007 ut
1363 956 1429 1007 sit
1452 975 1487 1026 y
1510 975 1546 1026 y
1581 955 1640 1018 >
1687 963 1719 1008 2
1745 975 1783 1009 Χ
1806 975 1846 1009 Χ
1869 957 1971 1008 hoc
1997 966 2075 1009 est
2100 968 2318 1027 tangens
2345 975 2435 1007 an-

292 1045 404 1117 guli
443 1046 509 1098 M
540 1048 585 1099 C
613 1048 659 1099 P
682 1047 743 1109 1>
801 1049 853 1098 a!
886 1053 919 1098 2
943 1046 1115 1116 posito
1142 1047 1257 1098 sinu
1281 1051 1391 1098 toto
1424 1072 1481 1091 =
1518 1054 1565 1110 1,
1606 1045 1786 1099 contra
1809 1034 1938 1100 vero
1957 1047 2261 1119 gravitatem
2287 1045 2437 1096 dimi-

287 1135 395 1198 nui,
426 1136 468 1187 si
493 1135 649 1188 fuerit
673 1155 708 1207 y
725 1155 761 1206 y
796 1137 857 1200 <
880 1142 912 1187 2
932 1154 970 1187 Χ
987 1155 1041 1189 Χ.
1119 1136 1298 1197 Quare
1326 1135 1444 1187 clim
1470 1136 1693 1208 angulus
1719 1135 1864 1207 cujus
1888 1147 2105 1209 tangens
2132 1146 2209 1189 est
2231 1161 2288 1180 =
2324 1137 2376 1187 as
2403 1142 2435 1187 2

288 1225 550 1278 contineat
588 1233 693 1279 54⁰.
721 1231 824 1279 45'.
854 1226 1071 1290 circiter,
1112 1226 1156 1278 si
1192 1226 1515 1295 concipiatur
1547 1227 1769 1279 circulus
1805 1227 1990 1279 Terrae
2023 1228 2281 1279 maximus
2321 1227 2434 1297 qui-

289 1333 494 1385 cunque
533 1316 584 1368 A
609 1317 665 1369 D
695 1317 742 1369 Β
770 1317 834 1380 Ε,
872 1317 1018 1385 cujus
1053 1315 1267 1383 planum
1298 1333 1395 1384 per
1425 1325 1679 1385 punctum
1721 1317 1758 1369 S
1788 1326 2030 1379 transeat,
2071 1317 2126 1367 in
2151 1334 2315 1386 eoque
2341 1315 2437 1367 du-

285 1417 469 1459 cantur
493 1418 649 1460 rectae
691 1409 735 1460 F
763 1409 809 1460 C
835 1409 863 1460 I
898 1418 950 1461 et
985 1408 1039 1460 G
1068 1408 1112 1460 C
1141 1407 1218 1470 H,
1247 1427 1366 1478 quae
1392 1427 1511 1459 cum
1536 1408 1677 1461 recta
1719 1410 1757 1461 S
1784 1410 1835 1461 A
1863 1410 1910 1461 Β
1944 1410 2161 1481 angulos
2187 1409 2437 1461 constitu-

287 1507 376 1549 ant
412 1505 516 1550 540.
546 1500 681 1560 45'.;
719 1495 831 1550 tum
867 1515 1046 1548 omnes
1086 1496 1273 1549 Terrae
1309 1496 1579 1565 particulae
1615 1497 1670 1547 in
1704 1498 1881 1566 spatiis
1922 1499 1966 1550 F
1994 1498 2039 1550 C
2069 1499 2129 1550 H
2163 1507 2214 1549 et
2254 1498 2308 1550 G
2336 1498 2381 1549 C
2410 1499 2436 1549 I

286 1589 398 1639 sitae
423 1588 689 1658 gravitatis
715 1588 964 1639 naturalis
991 1597 1327 1658 augmentum
1353 1587 1622 1656 accipient,
1662 1588 1877 1658 reliquae
1915 1587 2039 1640 vero
2075 1590 2344 1658 particulae
2383 1590 2436 1640 in

286 1678 466 1746 spatiis
497 1678 540 1729 F
570 1678 614 1730 C
645 1678 698 1730 G
724 1687 776 1729 et
802 1678 865 1729 H
894 1678 939 1729 C
966 1678 994 1729 I
1018 1677 1201 1746 positae
1228 1676 1616 1729 decrementum
1640 1680 1906 1749 gravitatis
1930 1680 2208 1748 patientur.
2261 1681 2436 1750 Atque

282 1767 421 1829 hinc,
462 1766 787 1837 quacumque
824 1766 1007 1818 Terrae
1044 1764 1298 1834 particula
1335 1765 1619 1834 proposita,
1673 1766 1880 1818 definiri
1925 1770 2131 1836 poterit,
2177 1767 2433 1838 quantum

284 1856 392 1924 ejus
430 1856 653 1926 gravitas
691 1873 725 1906 a
763 1854 884 1907 Sole
922 1853 1140 1906 Lunave
1176 1854 1231 1904 in
1260 1855 1298 1906 S
1324 1853 1577 1906 existente
1600 1854 1684 1905 vel
1718 1865 1969 1925 augeatur
1994 1857 2075 1908 vel
2100 1856 2432 1909 diminuatur.

285 1944 467 1995 Altera
501 1942 625 1995 vero
654 1944 745 2006 vis,
787 1941 887 2013 qua
920 1942 1174 2011 particula
1201 1941 1266 1994 M
1291 1943 1345 1992 in
1372 1942 1657 1994 directione

281 2034 589 2086 horizontali
616 2034 681 2086 M
704 2035 754 2086 R
780 2043 1008 2104 urgetur,
1040 2032 1179 2101 (vide
1200 2032 1423 2103 figuram
1442 2031 1509 2083 ad
1534 2050 1653 2103 pag.

284 2125 428 2190 262.)
458 2123 761 2175 affirmativa
786 2122 898 2185 erit,
940 2122 995 2173 in
1022 2139 1238 2190 eamque
1274 2120 1499 2191 plagam,
1541 2138 1658 2190 quae

282 2214 335 2265 in
362 2214 531 2285 figura
556 2222 973 2282 repraesentatur,
1003 2221 1198 2282 verget,
1223 2210 1265 2261 si
1292 2210 1601 2280 quantitates
1621 2229 1659 2261 Χ

282 2315 332 2357 et
355 2325 390 2376 y
415 2305 584 2356 ambae
608 2304 801 2356 fuerint
820 2303 902 2354 vel
928 2301 1246 2354 affirmativae
1266 2300 1348 2351 vel
1373 2300 1655 2371 negativae:

283 2400 701 2467 contrariumque
727 2396 944 2458 eveniet,
975 2396 1017 2445 si
1043 2411 1221 2445 earum
1247 2392 1408 2443 altera
1433 2392 1499 2442 sit
1523 2391 1658 2442 affir-

283 2489 487 2550 mativa,
515 2487 678 2538 altera
702 2484 956 2555 negativa.
1035 2482 1214 2543 Quare
1244 2480 1287 2531 si
1313 2478 1566 2548 particula
1592 2478 1658 2530 M

284 2580 380 2631 sita
404 2577 558 2629 fuerit
581 2576 664 2627 vel
689 2575 743 2625 in
769 2574 1057 2644 quadrante
1088 2573 1136 2623 A
1166 2570 1211 2622 C
1237 2570 1292 2622 D
1319 2569 1399 2620 vel
1440 2568 1490 2619 A
1518 2568 1564 2619 C
1591 2567 1654 2629 E,

283 2678 394 2719 tum
435 2667 512 2717 vis
554 2661 889 2715 horizontalis
929 2660 997 2712 ad
1037 2649 1231 2710 rectam
1277 2656 1321 2708 C
1351 2656 1399 2706 A
1445 2653 1655 2717 tendet3

283 2755 464 2809 contra
492 2753 615 2807 vero
649 2753 764 2804 haec
789 2751 863 2802 vis
889 2750 956 2801 ad
981 2748 1185 2800 radium
1224 2746 1271 2798 C
1299 2746 1346 2797 Β
1383 2744 1655 2815 dirigetur,

285 2849 326 2899 si
351 2846 605 2916 particula
631 2843 698 2897 M
724 2843 789 2894 sit
821 2841 903 2893 vel
939 2840 993 2891 in
1019 2838 1305 2910 quadrante
1341 2836 1388 2888 Β
1416 2835 1461 2886 C
1488 2835 1542 2887 D
1579 2833 1662 2885 vel

288 2938 334 2990 Β
358 2937 403 2988 C
424 2937 472 2989 E
498 2934 792 2989 constituta.
865 2931 951 2983 Ex
971 2929 1154 3000 quibus
1178 2925 1489 2997 perspicitur
1509 2921 1662 2975 effec-

286 3041 366 3082 tus
402 3030 484 3082 vel
523 3029 658 3083 Solis
695 3027 775 3079 vel
815 3026 984 3079 Lunae
1009 3024 1063 3074 in
1089 3021 1243 3074 ambo
1268 3016 1651 3086 hemisphaeria,

287 3121 520 3190 superius
542 3120 735 3171 scilicet
760 3116 815 3168 D
834 3115 880 3166 A
903 3113 950 3165 E
976 3122 1027 3164 et
1051 3109 1261 3162 inferius
1289 3108 1344 3160 D
1365 3107 1411 3159 B
1430 3107 1493 3169 E,
1523 3106 1658 3156 inter

287 3230 341 3263 se
367 3230 477 3263 esse
501 3208 608 3262 fere
640 3206 858 3268 simile33
897 3221 1014 3274 quae
1039 3198 1319 3253 similitudo
1354 3214 1559 3267 quoque
1595 3194 1650 3245 in

286 3301 400 3370 ipso
425 3311 556 3353 aestu
580 3300 736 3351 maris
767 3297 1084 3348 observatur.

361 3394 400 3455 ᾗ.
428 3398 513 3441 29.
554 3388 817 3440 Ponamus
842 3402 982 3437 nunc
1007 3378 1314 3451 particulam
1342 3374 1407 3428 M
1429 3375 1485 3426 in
1517 3368 1628 3442 ipsa
1655 3367 1707 3421 T
1709 3381 1840 3419 errae
1867 3358 2141 3432 superficie
2167 3374 2278 3409 esse
2304 3373 2427 3407 con-

290 3480 538 3543 stitutam,
585 3480 786 3548 eritque
841 3477 893 3528 xl
928 3478 986 3543 (Χ
1010 3472 1029 3502 ²
1055 3471 1109 3524 -ἱ-
1133 3489 1166 3540 y
1190 3466 1231 3535 2)
1268 3493 1324 3512 =
1361 3473 1384 3517 l
1434 3464 1503 3517 ob
1548 3461 1731 3512 Terrae
1774 3453 2234 3508 semi-diametrum
2280 3467 2332 3495 ..·-..
2381 3452 2427 3496 1.

292 3571 473 3633 Quare
511 3571 553 3620 si
587 3567 843 3637 particula
880 3564 946 3618 M
982 3561 1136 3615 suerit
1170 3558 1340 3629 posita
1375 3555 1429 3605 in
1469 3551 1551 3611 M,
1591 3550 1841 3601 existente
1866 3542 2042 3614 anguli
2069 3541 2121 3592 A
2149 3538 2194 3591 C
2223 3536 2287 3589 M
2313 3536 2429 3587 sinu

300 3688 357 3707 =
377 3680 412 3732 y
428 3670 480 3713 et
497 3659 680 3711 cosinu
710 3684 766 3703 =
787 3677 840 3721 Χ,
870 3657 978 3726 ejus
997 3651 1221 3726 gravitas
1246 3644 1493 3700 naturalis
1519 3638 1852 3694 acceleratrix
1878 3656 1908 3688 a
1937 3633 2055 3687 Sole
2083 3629 2298 3684 Lunave
2317 3626 2368 3677 in
2392 3626 2428 3676 S

296 3790 571 3862 augebitur
595 3786 646 3838 vi
675 3819 732 3841 =
767 3741 1226 3842 Q
1249 3770 1532 3831 secundum
1550 3769 1872 3822 horizontem
1891 3772 2063 3818 autem
2078 3762 2131 3813 in
2148 3754 2428 3811 directione

954 3830 1028 3881 35
