2528 4172
245 278 314 323 20
741 267 1305 353 PHILOSOPHIAE
1345 268 1799 324 NATURALIS
1875 269 1992 335 [DE
2021 269 2183 323 MUN.
2214 269 2351 323 Sysr

247 415 501 468 Streetum
549 413 667 479 60:3⁴>
714 422 765 464 et
807 411 1091 464 secundum
1134 412 1185 464 T
1186 412 1441 482 ychonem
1480 417 1599 480 56}-
1678 414 1777 465 Ast
1803 413 2006 483 TychO,
2041 423 2093 465 et
2117 423 2372 483 quotquot

243 507 351 575 ejus
395 503 593 556 tabulas
637 503 1001 555 refractionum
1045 514 1345 573 sequuntur,
1386 505 1745 557 constituendo
1781 504 2115 556 refractiones
2152 505 2284 557 Solis
2322 513 2375 556 et

244 594 414 647 Lunae
452 592 521 662 (f)
564 593 795 661 (omnino
832 603 1011 643 contra
1045 604 1283 644 naturam
1319 593 1472 660 lucis)
1511 596 1730 664 majores
1758 593 1913 665 quam
1937 594 2177 657 fixarum,
2216 593 2374 663 idque

245 684 498 753 scrupulis
527 683 672 752 quasi
698 692 919 752 quatuor
944 683 1024 735 vel
1051 685 1294 753 quinque,
1336 684 1399 752 (g)
1438 695 1693 736 auxerunt
1716 685 2002 753 parallaxin
2029 684 2197 736 Lunae
2232 701 2381 734 scru-

243 773 378 842 pulis
413 771 642 833 totidem,
680 770 781 822 hoc
819 782 911 833 est,
951 773 1096 841 quasi
1133 772 1437 824 duodecima
1473 774 1555 825 vel
1593 773 1792 826 decima
1829 761 2006 844 quinta
2039 784 2187 844 parte
2218 772 2375 824 totius

243 864 580 932 parallaxeos.
679 862 984 933 Corrigatur
1025 863 1121 914 iste
1164 881 1326 926 error,
1369 872 1420 914 et
1464 862 1526 932 (¹¹)
1571 864 1812 917 distantia
1855 864 2035 916 evadet
2073 863 2220 934 quasi
2271 864 2407 927 6035

244 951 742 1004 semidiametrorum
782 951 1117 1014 terrestrium,
1157 950 1264 1002 fere
1291 962 1348 1003 ut
1373 952 1438 1003 ab
1466 952 1576 1003 aliis
1602 953 1920 1024 assignatum
1957 962 2047 1004 est.
2125 951 2378 1002 Assuma-

243 1061 358 1094 mus
403 1041 696 1093 distantiam
739 1041 1053 1093 mediocrem
1093 1047 1360 1112 sexaginta
1403 1043 1901 1096 semidiametrorum
1942 1045 1997 1095 in
2035 1042 2286 1113 syzygii53
2326 1050 2378 1091 et

244 1134 480 1184 lunarem
513 1132 788 1202 periodum
821 1143 1058 1202 respectu
1083 1133 1308 1184 fixarum
1335 1133 1583 1203 compleri
1608 1134 1789 1186 diebus
1816 1140 1902 1197 27,
1937 1134 2078 1184 horis
2117 1141 2166 1195 7,
2205 1132 2377 1182 minu-

244 1222 310 1273 tis
352 1222 532 1290 primis
576 1229 661 1285 43,
708 1233 768 1273 ut
809 1221 873 1273 ab
913 1221 1220 1274 astronomis
1260 1223 1527 1285 statuitur3
1573 1232 1727 1294 atque
1764 1224 2014 1274 ambitum
2050 1222 2233 1273 Terrae
2267 1238 2378 1271 esse

243 1312 437 1382 pedum
466 1313 833 1364 Parisiensium
864 1319 1196 1374 123249600,
1224 1311 1301 1363 uti
1328 1312 1381 1380 (³)
1417 1331 1449 1363 a
1476 1313 1642 1364 Gallis
1666 1312 2081 1364 mensurantibus
2108 1309 2378 1361 definitum

246 1414 350 1455 est:
390 1414 440 1455 et
477 1405 519 1455 si
558 1405 711 1456 Luna
745 1414 889 1456 motu
925 1404 1067 1455 omni
1103 1398 1298 1472 privari
1324 1404 1552 1474 fingatur
1576 1422 1635 1455 ac
1661 1403 1864 1466 dimitti,
1892 1413 1950 1454 ut
1974 1412 2190 1472 urgente
2215 1400 2266 1452 vi
2291 1398 2377 1450 illa

302 1542 364 1594 (f)
387 1546 407 1566 ¹¹
436 1541 597 1581 Omnino
618 1549 747 1580 contra
766 1549 951 1581 naturam
969 1543 1067 1580 lucis
1088 1540 1210 1593 (25.).
1395 1539 1454 1592 (¹²)
1471 1542 1492 1564 ⁹¹⁶
1506 1542 1703 1579 Distantia
1721 1544 1860 1580 evadet.
1922 1539 1980 1577 Sit
2001 1540 2036 1577 T
2050 1544 2226 1575 centrum
2248 1536 2284 1574 T
2286 1547 2379 1573 errae

302 1595 359 1646 (g)
387 1598 408 1620 ’³
431 1597 633 1633 Auoeerunt
658 1597 880 1643 parallaoeim
914 1597 1050 1633 Lunoe.
1111 1593 1286 1632 Tantum
1340 1600 1377 1631 et
1395 1593 1563 1644 angulus
1586 1595 1622 1631 A
1641 1594 1677 1631 L
1694 1595 1729 1631 T
1748 1593 1951 1642 parallaxis
1968 1590 2212 1629 horizontalis
2230 1589 2379 1626 medio-

247 1649 382 1698 augeri
409 1648 631 1697 parallaxim
662 1648 788 1685 Lunae
818 1647 1008 1698 quantum
1038 1654 1202 1697 augetur
1225 1659 1285 1685 re-
1339 1647 1422 1684 cris.
1480 1646 1544 1684 Ob
1571 1647 1760 1697 angulum
1789 1648 1826 1684 L
1849 1648 1887 1683 A
1910 1646 1947 1683 T
1978 1652 2139 1689 rectum,
2165 1644 2235 1680 erit
2262 1641 2381 1679 semi-

248 1702 395 1747 fractio,
428 1708 531 1748 patet
560 1701 589 1736 si
616 1699 893 1738 determinetur
917 1700 1121 1748 parallaxis
1148 1699 1287 1745 Lunae,
1343 1698 1529 1736 diameter
1551 1700 1682 1737 Terrae
1710 1702 1745 1736 Α
1770 1701 1805 1737 Τ
1824 1698 1872 1736 ad
1900 1698 2119 1735 distantiam
2145 1695 2378 1733 mediocrem

249 1755 352 1806 quod
383 1752 437 1791 ita
464 1754 633 1802 praestari
665 1760 800 1802 potest.
861 1755 918 1792 Sit
953 1754 989 1791 A
1014 1754 1046 1791 C
1070 1754 1117 1800 T,
1155 1754 1290 1792 'sellus
1345 1752 1472 1790 Lunae
1491 1765 1514 1789 a
1531 1752 1650 1791 Terra
1672 1753 1770 1800 TL,
1790 1761 1836 1790 ut
1854 1751 1961 1789 sinus
1978 1750 2213 1800 paranaxeos
2230 1747 2378 1786 medio-

1343 2717 1416 2756 cn‘s
1434 2716 1483 2756 ad
1501 2717 1630 2755 sirium
1648 2721 1787 2754 totum.
1847 2714 1922 2752 Est
1940 2720 2070 2751 autem
2089 2712 2290 2761 parallaxis
2308 2713 2381 2752 ista

1344 2770 1406 2811 58'
1429 2771 1589 2809 circiter.
1642 2769 1734 2810 Jam
1760 2767 1923 2805 ducatur
1953 2767 1989 2804 T
2007 2766 2032 2811 l,
2062 2766 2188 2816 sitque
2210 2766 2382 2817 angulus

1347 2825 1385 2862 A
1407 2825 1428 2862 ,ί
1451 2824 1488 2862 Τ
1507 2823 1568 2862 63’
1587 2823 1646 2860 vel
1665 2821 1738 2865 62¹,
1765 2822 1814 2858 ob
1832 2818 2098 2857 refractionem
2117 2818 2218 2857 male
2236 2820 2382 2856 consti.

1346 2885 1484 2923 tutam,
1504 2876 1575 2914 erit
1603 2877 1639 2914 T
1659 2875 1673 2912 l
1696 2873 1746 2912 ad
1769 2873 1804 2911 T
1817 2870 1942 2910 Lfere
1962 2879 2005 2910 ut
2026 2876 2076 2910 58
2096 2871 2144 2909 ad
2164 2876 2216 2910 62
2234 2871 2295 2910 vel
2313 2877 2378 2918 68,

1346 2929 1514 2981 ideoque
1539 2928 1632 2967 cum
1659 2928 1708 2966 sit
1728 2927 1845 2978 juxta
1874 2926 2098 2973 Tychonem
2129 2925 2165 2962 T
2186 2925 2206 2962 1
2226 2940 2282 2960 =
2303 2924 2382 2975 ὅδὲ

1348 2984 1481 3021 semid.
1503 2982 1644 3029 Terrae,
1658 2981 1731 3019 erit
1748 2987 1794 3018 ut
1812 2983 1862 3018 58
1886 2979 1932 3018 ad
1948 2982 1998 3016 62
2018 2977 2078 3015 vel
2097 2982 2147 3015 65
2166 2975 2221 3014 ita
2234 2976 2314 3028 ὅδὲ
2332 2978 2382 3015 ad

256 2948 367 3001 cujus
385 2955 559 2988 centrum
591 2950 638 2996 T,
666 2951 885 2989 observetur
903 2947 1068 2987 altitudo
1085 2945 1295 2985 meridiana

257 3004 378 3042 centri
399 3003 526 3042 Lunae
553 3004 590 3043 L
609 3016 655 3041 ex
675 3004 760 3042 loco
782 3003 820 3041 A
839 3003 881 3040 in
904 3003 946 3046 Q
962 3015 985 3040 a
1002 2999 1295 3039 refractionibus

257 3056 386 3104 libera,
417 3064 456 3095 et
479 3069 526 3094 ex
555 3058 696 3095 tabulis
717 3063 873 3094 eruatur
890 3068 961 3104 pro
979 3062 1151 3103 tempore
1168 3054 1295 3090 obser-

257 3110 421 3148 vationis
449 3109 654 3160 longitudo
685 3117 723 3147 et
759 3108 922 3146 latitudo
960 3108 1114 3153 Lunae;
1157 3103 1296 3143 deinde

258 3164 346 3217 (per
362 3163 519 3214 trigon.)
542 3170 735 3214 quaeratur
752 3162 872 3211 ipsius
897 3160 1114 3204 declinatio,
1140 3158 1295 3196 habebi-

255 3222 324 3254 tur
359 3216 443 3266 ejus
479 3216 658 3255 distantia
692 3230 716 3254 a
747 3215 886 3253 vertice
921 3215 952 3251 Z
980 3226 1047 3250 seu
1075 3212 1184 3250 locus
1214 3211 1248 3248 P
1274 3223 1296 3248 e

246 3270 394 3307 Terrae
412 3278 543 3307 centro
558 3270 593 3308 T
608 3270 724 3315 visus,
739 3268 953 3306 differentia
975 3267 1010 3305 P
1026 3267 1067 3310 Q
1082 3277 1149 3302 seu
1169 3277 1294 3314 angu-

260 3322 323 3359 lus
356 3321 390 3358 P
411 3323 446 3360 L
470 3324 512 3367 Q
542 3330 608 3360 aut
637 3322 794 3373 aequalis
826 3322 864 3359 A
886 3321 922 3359 L
944 3321 980 3358 T
1011 3326 1068 3357 est
1093 3317 1297 3367 parallaxis

261 3375 401 3412 Lunae.
463 3374 586 3413 Porro
618 3384 662 3414 ut
688 3377 874 3414 habeatur
890 3373 998 3411 locus
1030 3373 1072 3417 Q
1093 3384 1115 3409 e
1143 3371 1228 3409 loco
1256 3370 1295 3407 A

258 3428 364 3464 visus
383 3441 404 3465 a
422 3428 650 3466 refractione
668 3428 775 3472 liber,
796 3427 977 3478 quoniam
991 3424 1167 3463 refractio
1180 3429 1297 3473 auget

258 3480 516 3527 altitudinem,
540 3480 589 3518 sit
607 3481 716 3519 locus
734 3481 838 3519 visus
856 3493 893 3532 q,
926 3480 968 3523 Q
982 3492 1007 3529 q
1032 3476 1211 3515 metietur
1233 3488 1294 3513 re-

259 3533 497 3579 fractionem,
526 3533 631 3571 uude
650 3546 762 3571 arcus
784 3535 826 3578 Q
841 3547 865 3584 q
894 3531 1096 3571 addendus
1113 3538 1170 3568 est
1188 3528 1294 3567 arcui

263 3586 299 3624 P
317 3599 342 3636 q
369 3596 415 3624 ut
442 3588 626 3624 habeatur
648 3585 853 3635 parallaxis
881 3594 963 3625 tota
991 3585 1026 3623 P
1054 3584 1116 3628 Ως
1146 3582 1178 3619 si
1205 3579 1295 3619 vcro

262 3639 438 3676 refractio
457 3640 579 3690 major
597 3646 813 3677 assumatur
829 3648 875 3676 ut
893 3652 917 3690 q
936 3639 987 3685 R,
1008 3635 1207 3687 parallaxis
1226 3634 1298 3672 erit

261 3692 394 3741 major,
434 3691 574 3740 nempe
610 3693 644 3730 P
677 3692 728 3738 R,
766 3692 875 3742 quasi
910 3692 1028 3730 Luna
1058 3697 1155 3728 esset
1177 3688 1219 3725 in
1247 3692 1295 3734 13

262 3745 367 3805 unde
387 3752 538 3783 tantum
557 3753 722 3796 augetur
739 3744 941 3793 parallaxis
955 3750 1144 3795 quantum
1157 3741 1297 3780 refrac-

262 3806 314 3838 κιο
333 3809 425 3848 ipsa.

1349 3037 1466 3103 δοὲ-ῑδῑ
1495 3049 1555 3087 vel
1588 3035 1749 3100 61T4T5-g.
1811 3043 1943 3089 Quare
1975 3043 2008 3082 si
2035 3043 2248 3093 corrigatur
2279 3056 2383 3081 error

1349 3104 1417 3153 qui
1436 3115 1483 3140 ex
1501 3101 1729 3139 refractione
1746 3096 1848 3137 male
1868 3095 2072 3135 constituta
2089 3097 2222 3141 oritur,
2239 3095 2382 3134 distan-

1350 3156 1405 3193 tia
1436 3154 1640 3193 mediocris
1662 3153 1791 3192 Lunae
1812 3164 1836 3189 a
1860 3147 1984 3189 Terra
2004 3148 2138 3187 evadet
2162 3148 2272 3200 quasi
2300 3149 2382 3201 60}

1349 3207 1482 3246 semid.
1507 3215 1671 3245 terrestr.

1395 3258 1446 3313 (ἶ)
1465 3262 1485 3284 ”
1503 3258 1543 3297 A
1565 3257 1682 3297 Gallis
1700 3255 2020 3294 mensurantibus.
2048 3255 2087 3292 A
2104 3254 2256 3292 Picano
2268 3253 2383 3292 nimi-

1348 3327 1436 3351 rum
1450 3318 1650 3351 inventum
1665 3318 1722 3350 est
1734 3309 1872 3361 gradui
1886 3307 2190 3345 circulimaximi
2202 3307 2386 3346 terrestris

1349 3365 1577 3415 respondere
1611 3362 1827 3412 hexapedas
1849 3365 1987 3400 ⁸706o
2020 3373 2090 3398 seu
2126 3360 2213 3409 ped.
2257 3359 2380 3399 Paris.

1352 3423 1518 3459 342560.
1542 3448 1549 3460 .
1598 3416 1732 3462 Quare
1768 3415 1955 3453 inseratur
1992 3413 2081 3465 (22)
2118 3421 2164 3451 ut
2198 3424 2385 3451 numerus

1350 3471 1542 3522 graduum
1575 3483 1685 3509 arcus
1715 3467 1904 3507 distantiae
1935 3466 2105 3504 duorum
2134 3466 2308 3505 locorum
2334 3463 2387 3503 ad

1349 3524 1463 3563 3600.
1482 3537 1551 3561 seu
1577 3522 1828 3572 peripheriam
1849 3520 2049 3570 integram,
2079 3518 2134 3557 ita
2151 3519 2254 3557 idem
2273 3528 2387 3556 arcus

1348 3578 1390 3615 in
1406 3576 1633 3615 milliaribus
1651 3583 1719 3613 aut
1735 3574 1897 3624 pedibus
1914 3585 2112 3621 expressus
2129 3571 2179 3610 ad
2197 3571 2386 3609 ambitum

1351 3629 1520 3669 Telluris
1538 3630 1579 3667 in
1597 3628 1732 3667 eadem
1752 3623 1932 3665 mensura
1949 3624 2236 3668 inveniendum,
2255 3623 2386 3672 sicque

1351 3683 1556 3722 definitum
1575 3689 1632 3719 est
1649 3681 1840 3719 ambitum
1861 3678 2030 3717 Telluris
2047 3691 2128 3716 esse
2145 3676 2232 3726 ped.
2258 3674 2380 3714 Paris.

1355 3739 1589 3775 123249600
1620 3734 1779 3784 ejusque
1810 3731 1971 3783 proinde
2003 3730 2186 3770 diameter
2216 3735 2272 3767 est
2299 3725 2387 3777 ped.

1284 3797 1291 3803 ‘
1356 3788 1475 3828 Paris.
1493 3792 1716 3834 59231566.
