2528 4172
222 263 325 310 298
636 255 1082 319 INQUISITIO
1122 253 1464 308 PHYSICA
1501 256 1586 308 IN
1626 256 1951 309 CAUSAM

219 407 353 451 esset
368 417 383 461 3
440 400 582 468 cujus
622 398 930 450 discriminis
972 398 1105 449 ratio
1148 399 1388 467 exemplo
1440 398 1672 467 corporis
1714 399 1929 468 penduli
1972 400 2242 453 commode
2291 403 2359 455 ob

217 488 394 539 oculos
420 488 544 556 poni
568 497 752 555 potest.
830 486 1094 538 Ponamus
1121 488 1259 538 enim
1284 506 1475 556 corpus
1497 487 1784 556 pendulum
1813 488 1863 541 O
1893 489 1937 540 C
1963 490 2031 542 ob
2054 491 2358 564 gravitatem

218 581 373 632 situm
397 591 575 632 tenens
602 578 914 643 verticalem,
943 599 974 631 a
998 580 1048 630 vi
1076 579 1321 650 quapiam
1348 579 1403 630 in
1427 580 1564 632 latus

217 669 501 723 secundum
546 669 881 720 directionem
937 669 982 721 C
1023 669 1088 721 M
1138 669 1418 720 sollicitari.
1496 670 1553 722 Si
1712 675 1743 715 0

216 780 354 813 nunc
390 761 492 812 hoc
528 760 816 829 pendulum
845 758 1027 811 inertia
1057 768 1271 823 careret,
1301 777 1391 811 seu
1416 759 1552 829 ejus-

215 851 358 903 modi
383 860 517 902 esset
541 850 750 913 indolis,
791 850 935 919 cujus
962 868 1150 920 aquam
1173 849 1426 901 hactenus
1466 868 1551 921 su-¹

214 960 328 993 mus
355 941 705 1010 contemplati,
733 951 844 993 tum
871 941 1042 993 subito
1069 942 1225 993 situm
1252 941 1303 993 O
1325 941 1391 993 M
1417 942 1550 994 acci-

212 1041 375 1100 peret,
420 1031 475 1082 in
509 1050 612 1101 quo
652 1031 767 1082 haec
801 1031 877 1083 vis
911 1051 1030 1084 cum
1065 1032 1317 1103 gravitate
1349 1032 1549 1103 aequili-

213 1120 386 1173 brium
428 1131 641 1173 teneret.
742 1121 817 1173 At
859 1120 978 1173 cum
1025 1122 1312 1190 pendulum
1361 1122 1547 1175 inertia

210 1210 493 1279 praeditum
529 1209 902 1272 consideratur,
941 1220 1060 1278 post
1093 1210 1304 1280 aliquod
1338 1210 1548 1262 demum

211 1309 416 1369 tempus
442 1300 673 1368 elapsum
700 1301 766 1352 ad
792 1301 948 1352 situm
975 1301 1027 1353 Ο
1056 1301 1122 1353 Μ
1153 1302 1446 1370 perveniet:
1488 1321 1547 1353 ac

213 1389 403 1441 deinde
439 1390 560 1459 quia
596 1400 738 1442 motu
765 1391 1048 1443 accelerato
1075 1391 1136 1442 eo
1171 1392 1435 1463 pertingit,
1474 1393 1547 1443 ibi

212 1496 320 1531 non
354 1479 595 1549 quiescet,
642 1480 731 1532 sed
769 1479 905 1532 ultra
942 1491 1199 1544 excurret,
1239 1480 1367 1550 puta
1402 1483 1456 1533 in
1495 1482 1549 1534 N
2243 1470 2277 1497 Β

213 1589 393 1640 usque,
422 1570 495 1621 ita
518 1580 576 1621 ut
602 1570 825 1639 spatium
849 1571 891 1621 C
913 1571 966 1622 N
991 1569 1097 1622 fere
1118 1571 1183 1622 sit
1202 1571 1363 1640 duplo
1380 1572 1546 1641 majus
1673 1631 1685 1650 1
1726 1634 1741 1654 “
2017 1625 2022 1629 ,

213 1661 379 1729 spatio
432 1661 477 1713 C
517 1661 597 1723 M,
649 1662 824 1729 prouti
874 1661 1100 1713 calculus
1153 1661 1288 1713 clare
1336 1662 1545 1714 indicat.
1652 1630 1685 1670 L
1973 1659 2050 1697 Μ

215 1750 437 1818 Propter
486 1751 723 1802 inertiam
776 1752 934 1822 igitur
982 1751 1268 1820 pendulum
1318 1750 1547 1821 primum

211 1838 408 1891 tardius
445 1841 495 1891 vi
534 1841 827 1893 sollicitanti
865 1843 1205 1911 obtemperat,
1235 1852 1389 1913 atque
1415 1863 1446 1894 a
1472 1843 1573 1895 situ
1597 1838 1876 1911 aequilibrii
1907 1836 2101 1890 recedit
2118 1857 2131 1902 3
2170 1837 2357 1890 deinde

212 1928 336 1979 vero
381 1930 533 1980 etiam
573 1930 737 2001 magis
780 1930 990 1994 recedit,
1036 1933 1387 2001 majoremque
1434 1930 1797 1984 excursionem
1841 1926 2065 1990 conficit,
2119 1925 2272 1997 quam
2316 1928 2359 1978 si

211 2019 396 2072 inertia
436 2032 659 2082 careret3
700 2040 816 2090 quae
855 2032 975 2072 sunt
1000 2040 1075 2073 eae
1100 2023 1228 2090 ipsae
1255 2022 1374 2073 duae
1400 2041 1499 2085 res,
1527 2022 1582 2071 in
1607 2019 1793 2090 quibus
1820 2017 2019 2068 theoria
2047 2016 2164 2069 ante
2197 2036 2358 2086 expo-

213 2108 311 2160 sita
336 2109 401 2160 ab
427 2109 743 2177 experientia
770 2109 996 2161 maxime
1023 2111 1294 2162 dissentire
1319 2112 1641 2180 deprehensa
1667 2121 1758 2164 est.

283 2201 322 2264 ᾗ.
354 2202 438 2252 74.
482 2198 538 2250 Si
562 2216 702 2249 nunc
730 2198 868 2250 istud
894 2199 1111 2267 penduli
1138 2202 1434 2269 exemplum
1461 2201 1532 2252 ad
1557 2211 1794 2253 nostrum
1820 2217 1996 2251 casum
2021 2197 2175 2250 aestus
2199 2198 2355 2250 maris

215 2290 601 2355 transferamus,
641 2291 812 2360 primo
850 2293 1034 2363 ingens
1071 2293 1350 2345 similitudo
1386 2294 1440 2344 in
1469 2294 1568 2345 situ
1609 2292 1825 2361 penduli
1863 2291 2091 2343 verticali
2129 2308 2189 2342 ac
2223 2300 2358 2356 statu

214 2380 372 2431 maris
397 2380 636 2442 naturali,
666 2399 820 2451 quem
849 2381 1047 2432 obtinet
1072 2383 1281 2433 remotis
1307 2383 1549 2450 potentiis
1576 2380 1819 2443 externis,
1849 2380 2165 2431 observatur.
2218 2379 2357 2430 Nam

210 2469 650 2537 quemadmodum
691 2470 993 2537 pendulum,
1037 2471 1080 2521 si
1123 2472 1177 2521 in
1219 2490 1581 2541 quamcunque
1624 2471 1832 2541 plagam
1873 2470 1938 2544 de
1983 2470 2084 2520 situ
2125 2469 2356 2521 verticali

212 2559 513 2622 declinetur,
553 2559 766 2628 propria
805 2561 855 2611 vi
892 2561 1157 2631 gravitatis
1186 2581 1239 2613 se
1265 2562 1319 2612 in
1346 2562 1567 2612 eundem
1592 2562 1790 2629 recipit,
1829 2562 1900 2612 ita
1935 2561 2088 2611 etiam
2124 2579 2272 2629 aqua,
2313 2560 2356 2611 si

211 2665 279 2698 ex
305 2646 406 2699 situ
431 2666 525 2699 suo
551 2648 827 2717 aequilibrii
854 2648 1158 2716 depellatur,
1187 2650 1238 2699 vi
1263 2650 1526 2720 gravitatis
1556 2668 1610 2700 se
1636 2649 1703 2700 ad
1728 2648 1949 2700 eundem
1977 2648 2257 2715 componit,
2294 2666 2355 2699 ac

209 2749 466 2806 praeterea
489 2739 684 2807 pariter
716 2757 776 2789 ac
813 2739 1097 2807 pendulum
1126 2740 1468 2791 oscillationes
1506 2739 1725 2810 peragit,
1767 2726 2054 2807 cujusmodi
2081 2728 2354 2790 oscillatio-

210 2847 339 2880 num
365 2847 514 2880 casus
541 2829 595 2879 in
621 2848 757 2898 aqua
781 2830 1038 2881 observati
1074 2830 1265 2898 passim
1296 2832 1628 2883 inveniuntur
1654 2831 1890 2899 expositi.
1965 2830 2173 2882 Deinde
2199 2830 2352 2881 etiam

213 2916 367 2967 simili
404 2916 578 2979 modo,
621 2936 725 2986 quo
761 2917 1064 2985 pendulum,
1105 2937 1247 2969 mare
1274 2918 1378 2988 quo
1411 2919 1576 2989 magis
1602 2937 1668 2969 ex
1694 2919 1794 2969 situ
1821 2937 1916 2969 suo
1942 2917 2164 2969 naturali
2199 2916 2353 2968 fuerit

213 3007 559 3070 deturbatum,
589 3005 651 3058 eo
675 3008 923 3075 majorem
960 3007 1173 3059 habebit
1200 3009 1302 3059 vim
1330 3028 1440 3060 sese
1468 3009 1522 3058 in
1546 3009 1699 3059 situm
1725 3007 2000 3077 aequilibrii
2029 3006 2349 3081 restituendi.

214 3095 374 3158 Quod
401 3098 443 3148 si
482 3097 639 3168 igitur
664 3115 808 3147 mare
833 3117 864 3148 a
889 3097 1081 3148 viribus
1120 3099 1362 3161 externis,
1408 3098 1542 3151 Solis
1580 3098 1775 3149 scilicet
1799 3116 1858 3148 ac
1885 3097 2068 3159 Lunae,
2098 3116 2220 3148 mox
2247 3099 2350 3150 ele-

211 3195 357 3236 vetur
392 3204 517 3236 mox
554 3185 889 3254 deprimatur,
929 3204 1137 3238 necesse
1175 3196 1252 3238 est
1291 3197 1350 3238 ut
1387 3187 1508 3238 inde
1543 3197 1714 3238 motus
1741 3186 2078 3237 oscillatorius
2106 3206 2195 3238 seu
2220 3187 2348 3239 reci-

209 3291 397 3342 procus
442 3274 636 3324 oriatur
675 3274 825 3325 aestui
867 3274 1020 3327 maris
1062 3275 1275 3326 omnino
1309 3275 1501 3337 similis,
1542 3275 1630 3344 qui
1668 3284 1839 3325 autem
1876 3293 1970 3342 per
2007 3275 2146 3345 leges
2180 3276 2350 3328 motus

212 3361 482 3414 difficulter
519 3362 725 3414 definiri
763 3372 917 3432 queat
953 3362 1190 3414 accurate
1228 3363 1470 3433 quidem3
1514 3382 1635 3415 nam
1661 3381 1784 3413 vero
1815 3362 2069 3430 proxime,
2108 3363 2207 3414 hoc
2244 3383 2348 3416 non

211 3450 341 3502 adeo
378 3452 475 3503 erit
510 3452 732 3503 difficile.
809 3452 949 3503 Duae
987 3462 1159 3503 autem
1196 3462 1316 3503 sunt
1352 3471 1452 3515 res,
1494 3470 1611 3521 quae
1641 3451 1930 3502 absolutam
1968 3471 2027 3502 ac
2066 3451 2365 3521 perfectaffi'
2396 3466 2403 3473 “

210 3540 366 3592 totius
406 3540 575 3592 motus
618 3542 1100 3596 determinationem
1152 3541 1480 3612 summopere
1528 3542 1755 3594 reddunt
1803 3543 2078 3605 difficilem,
2130 3537 2348 3613 quarum

210 3633 369 3684 altera
392 3631 658 3701 physicam
684 3644 894 3701 spectat,
935 3644 1089 3705 atque
1114 3635 1168 3686 in
1194 3635 1303 3704 ipsa
1329 3635 1607 3686 fluidorum
1632 3635 1815 3688 natura
1844 3637 2086 3723 consistit,
2128 3655 2349 3722 quorum

210 3732 381 3773 motus
431 3720 704 3772 difficulter
752 3723 818 3774 ad
869 3725 1125 3775 calculum
1176 3736 1460 3788 revocatur,
1511 3725 1776 3794 piaecipue
1826 3726 1868 3777 si
1918 3727 2135 3795 quaestio
2176 3727 2241 3778 sit
2262 3726 2349 3777 de

213 3809 528 3879 amplissimo
578 3808 789 3872 oceane,
842 3812 930 3879 qui
974 3812 1084 3864 aliis
1133 3813 1188 3864 in
1237 3813 1363 3865 locis
1406 3813 1649 3876 elevetur,
1695 3813 1806 3865 aliis
1849 3808 1973 3866 vero
2014 3804 2348 3883 deprimatur
