2528 4172
316 312 351 358 6
824 301 1395 358 PHILOSOPHIAE
1433 302 1887 356 NATURALIS
1961 303 2080 369 [DE
2109 303 2272 357 Mun.
2297 306 2450 359 SYsT.

316 447 353 486 P
374 446 402 486 S
421 446 458 485 L
485 446 557 484 sub
582 458 661 496 quo
688 459 711 485 e
735 453 869 486 centro
899 446 1000 487 Solis
1021 448 1048 486 S
1066 445 1259 485 videretur
1278 445 1355 485 dis-

312 501 435 540 tantia
461 499 634 539 satellitis
650 513 675 538 a
692 508 825 539 centro
843 500 1017 551 primarii
1039 501 1088 548 P,
1113 500 1256 538 dicitur
1273 500 1358 552 ejus

321 2362 516 2414 elongatio
547 2360 834 2406 heliocentrica;
851 2373 940 2412 quae
968 2360 1140 2399 maxima
1169 2366 1238 2404 est,
1277 2357 1369 2398 cum

321 2417 492 2467 angulus
527 2416 554 2454 S
583 2416 617 2454 P
647 2416 683 2454 L
716 2423 843 2453 rectus
874 2422 941 2453 est.
1001 2414 1109 2459 Quia
1137 2412 1228 2452 vero
1262 2412 1298 2451 P
1330 2413 1368 2451 L

322 2470 414 2508 data
440 2477 508 2513 est,
538 2468 802 2520 elongationes
828 2468 1010 2506 maximae
1036 2466 1308 2505 heliocentrica
1332 2474 1371 2505 et

322 2523 567 2574 geocentrIca
594 2522 762 2571 aequales
783 2528 887 2566 sunt,
917 2520 986 2560 ubi
1004 2520 1161 2570 planeta
1181 2520 1217 2558 P
1235 2533 1260 2558 a
1281 2520 1371 2558 Sole

323 2584 364 2614 et
381 2575 483 2614 terra
502 2574 611 2626 aeque
628 2575 756 2613 distat.

382 2628 561 2681 Cognitis
579 2629 792 2667 orbitarum
809 2626 1019 2673 diametris,
1049 2634 1224 2676 tempora
1242 2625 1368 2675 perio-

326 2682 414 2721 dica
458 2682 670 2721 satellitum
714 2681 879 2719 inveniri
923 2687 1088 2729 possunt
1133 2691 1202 2729 per
1236 2691 1374 2717 eorum

327 2737 488 2785 eclipses
515 2735 698 2773 maximae
734 2734 961 2780 durationis,
1001 2742 1117 2784 atque
1153 2732 1269 2771 etiam
1306 2745 1375 2781 per

325 2790 532 2828 transitum
547 2787 721 2826 satellitis
738 2795 807 2826 aut
825 2789 975 2826 umbrae
993 2786 1099 2824 illius
1115 2798 1185 2835 per
1198 2784 1374 2824 medium

326 2842 480 2881 discum
515 2842 681 2892 planetae
717 2840 901 2891 primarii.
977 2840 1083 2878 Nam
1116 2838 1208 2877 cum
1243 2837 1374 2876 radius

327 2895 464 2934 circuli
483 2896 532 2933 sit
551 2894 709 2946 aequalis
723 2893 830 2932 arcui
849 2892 957 2944 grad.
976 2897 1039 2932 57.
1048 2896 1192 2938 29578,
1216 2891 1324 2943 (Lib.
1339 2891 1374 2930 Ι.

327 2958 409 2988 not.
426 2948 543 2999 572.)
573 2957 612 2987 et
630 2948 720 2986 data
738 2947 789 2985 sit
806 2946 904 2985 ratio
921 2946 1018 2984 radii
1041 2946 1077 2984 P
1099 2946 1135 2985 L
1154 2944 1203 2983 ad
1228 2944 1374 2983 diame-

325 3010 433 3041 trum
460 3002 626 3051 planetae
652 3000 825 3051 primarii
846 3000 884 3039 Ο
907 3000 956 3044 R,
988 2999 1061 3038 erit
1078 2996 1376 3050 quamproxime

326 3064 371 3095 ut
402 3056 438 3096 P
460 3056 496 3094 L
515 3055 564 3093 ad
587 3055 624 3094 O
649 3056 701 3102 R,
730 3053 784 3093 ita
809 3052 954 3104 gradus
980 3056 1198 3093 57.29578.
1221 3050 1270 3089 ad
1297 3063 1374 3088 nu-

326 3122 481 3147 merum
510 3108 706 3160 graduum
737 3106 851 3146 arcos
881 3106 1016 3157 exigui
1048 3106 1082 3145 C
1110 3106 1163 3151 A,
1197 3104 1266 3156 qui
1295 3102 1377 3141 fere

328 3162 487 3214 aequalis
513 3171 573 3200 est
598 3161 788 3200 diametro
809 3161 847 3200 Ο
871 3160 925 3206 R,
954 3161 1005 3198 ob
1031 3158 1234 3209 parallelas
1264 3157 1302 3196 Ο
1326 3157 1373 3203 C,

333 3216 374 3254 R
395 3217 446 3254 A.
509 3216 598 3254 Fiat
629 3213 771 3254 deinde
799 3221 846 3252 ut
874 3224 1064 3251 numerus
1089 3211 1284 3263 graduum
1308 3217 1378 3249 aut

326 3268 498 3318 partium
525 3268 669 3320 gradus
699 3268 732 3307 C
756 3268 794 3306 A
823 3266 884 3305 vel
914 3267 951 3305 Ο
978 3267 1015 3305 R.
1037 3265 1088 3304 ad
1112 3264 1258 3316 gradus
1281 3268 1374 3309 560,

327 3321 385 3360 ita
413 3330 567 3371 tempus
598 3335 678 3372 quo
708 3320 937 3360 describitur
972 3320 1005 3358 C
1029 3321 1067 3358 A
1102 3319 1163 3356 vel
1199 3317 1236 3355 O
1260 3317 1300 3355 R
1325 3315 1376 3354 ad

327 3381 482 3424 tempus
508 3375 745 3423 periodicum
773 3374 960 3420 satellitis,
990 3371 1096 3424 quod
1123 3372 1178 3410 ita
1205 3369 1372 3408 dabitur.

331 3427 540 3477 Supposita
566 3427 714 3466 theoria
741 3427 915 3477 primarii
941 3426 1107 3477 planetae
1143 3436 1212 3474 per
1246 3425 1377 3462 obser-

328 3481 500 3520 vationes
527 3480 791 3525 determinata,
819 3488 992 3530 tempora
1011 3477 1203 3529 periodica
1224 3475 1372 3516 inveni-

328 3543 452 3573 untur
466 3533 727 3572 mensurando
745 3534 945 3572 intervalla
959 3531 1143 3582 temporis
1159 3530 1261 3568 inter
1278 3528 1376 3567 duas

327 3588 541 3626 satellitum
572 3588 876 3639 conjunctiones,
911 3587 971 3626 vel
998 3585 1116 3626 etiam
1147 3584 1248 3623 inter
1274 3582 1374 3621 duas

327 3640 584 3693 digressiones
602 3639 802 3678 maximas.
1139 3651 1152 3662 ⁰

382 3698 445 3734 52.
483 3694 701 3732 Satellitum
727 3707 751 3732 a
782 3701 915 3731 centro
941 3692 1053 3733 Jovis
1078 3689 1279 3731 distantias
1304 3690 1377 3728 ob-

328 3747 505 3786 servandi
525 3755 564 3785 et
582 3747 622 3784 in
640 3746 818 3784 diametri
832 3747 1006 3796 partibus
1020 3743 1236 3784 aestimandi
1255 3742 1377 3792 tripli-

328 3814 412 3840 cem
447 3800 675 3838 methodum
708 3799 889 3838 describit
925 3799 1079 3838 Clariss.
1115 3796 1300 3837 Cassinus
1335 3796 1376 3834 in

331 3855 553 3895 Elementis
577 3853 836 3892 Astronomiae
855 3866 958 3891 anno
983 3858 1084 3892 1740
1119 3850 1249 3891 editis.

1465 445 1523 484 10.
1572 446 1630 484 Sit
1662 447 1700 483 A
1723 446 1764 484 R
1786 446 1821 484 B
1854 446 2024 496 Jupiter,
2060 447 2102 485 D
2133 448 2160 486 S
2188 448 2225 485 E
2256 448 2297 486 D
2328 448 2452 486 orbita

1410 499 1592 546 satellitis,
1626 499 1872 537 micrometro
1907 499 2080 549 capiatur
2116 499 2303 538 diameter
2338 501 2365 539 J
2369 503 2449 539 ovis

1744 553 1782 591 A
1799 553 1847 599 Β,
1867 552 2007 591 deinde
2020 553 2088 591 ubi
2106 553 2254 591 satelles
2272 554 2313 590 in
2331 556 2454 591 maxi-

1739 604 1808 644 ma
1824 605 2068 658 elongatione
2087 614 2268 652 versatur,
2284 606 2454 655 capiatur

1738 658 1919 698 distantia
1939 660 1980 698 D
2000 660 2045 702 C,
2067 660 2166 698 inter
2184 668 2358 697 centrum
2379 660 2452 699 Jo-

1739 713 1794 749 vis
1812 713 1858 759 C,
1879 721 1919 751 et
1947 712 2149 752 satellitem
2177 714 2231 758 D,
2248 725 2325 763 quo
2339 713 2450 760 facto,

1738 765 1920 804 distantia
1954 767 1996 805 D
2032 767 2078 813 C,
2111 766 2331 804 conferatur
2362 779 2452 804 cum

1740 818 1927 857 diametro
1945 819 1975 859 J
1976 820 2068 867 ovis,
2088 820 2289 857 habebitur
2307 818 2451 857 distan-

1739 871 1794 909 tia
1829 872 2002 911 satellitis
2036 885 2060 911 a
2096 880 2227 911 centro
2265 872 2376 912 Jovis
2411 873 2453 911 in

1739 926 1911 974 partibus
1929 926 2119 964 diametri.

1793 978 1854 1017 20.
1900 979 2180 1018 Adhibendum
2212 986 2270 1017 est
2297 978 2454 1017 telesco-

1738 1031 1849 1081 pium
1874 1032 1917 1070 in
1935 1033 2046 1083 cujus
2072 1034 2160 1071 foco
2186 1039 2366 1081 aptantur
2390 1031 2457 1070 fila

1739 1093 1916 1135 quatuor,
1945 1098 2112 1137 quorum
2134 1086 2213 1123 duo
2243 1087 2279 1123 G
2299 1086 2416 1130 H„E
2434 1087 2456 1124 Ι

1739 1151 1822 1177 sese
1832 1139 2198 1189 perpendiculariter
2210 1147 2351 1184 secent,
2366 1138 2457 1176 reli-

1741 1204 1820 1242 qua
1843 1192 1923 1231 duo
1952 1193 1995 1231 N
2015 1193 2076 1236 M,
2109 1192 2145 1230 P
2168 1193 2209 1237 Q
2226 1191 2286 1229 his
2310 1192 2360 1230 ad
2387 1205 2456 1230 an-

1741 1245 1856 1296 gulos
1908 1245 2130 1284 semirectos
2184 1245 2361 1283 insistant
2415 1246 2457 1282 in

1674 1342 1676 1344 ,
1742 1299 1942 1337 communi
1956 1299 2123 1338 sectione
2142 1299 2187 1338 C.
2233 1298 2387 1343 Quibus
2405 1298 2459 1337 ita

1741 1351 1883 1400 paratis
1908 1352 2098 1403 dirigatur
2132 1350 2383 1401 telescopium
2420 1359 2459 1389 et

1742 1406 1873 1443 contin
1879 1404 1931 1444 ιιό
1945 1412 2125 1451 vertatur,
2145 1404 2268 1444 donec
2281 1413 2459 1443 centrum

1742 1458 1853 1498 Jovis
1878 1460 1924 1506 C,
1952 1466 2063 1497 motu
2095 1458 2237 1497 diurno
2260 1471 2387 1496 unum
2411 1471 2460 1496 ex

1742 1512 1803 1549 his
1837 1512 1925 1559 filis,
1962 1520 2059 1562 puta
2095 1513 2133 1551 E
2166 1511 2203 1557 Ι,
2240 1524 2461 1560 percurrere

1744 1565 1929 1613 videatur,
1953 1566 1995 1603 in
2013 1578 2093 1617 quo
2116 1564 2193 1603 situ
2211 1564 2323 1602 filum
2356 1565 2393 1603 G
2416 1564 2461 1603 H

1743 1618 1933 1658 circulum
1968 1619 2138 1671 aliquem
2175 1618 2371 1656 horarium
2404 1631 2463 1656 re-

1744 1672 1998 1722 praesentabit.
2061 1673 2297 1712 observetur
2324 1668 2464 1709 deinde

1744 1725 1960 1765 differentia
1994 1724 2303 1775 temporis'inter
2327 1724 2463 1773 appul-

1745 1792 1832 1817 sum
1858 1779 1980 1818 centri
2024 1779 2054 1819 J
2056 1779 2137 1817 ovis
2177 1787 2217 1817 et
2257 1779 2464 1827 appulsum

1745 1832 1918 1871 satellitis
1943 1833 1986 1871 in
2012 1831 2183 1871 maxima
2210 1831 2281 1870 sua
2308 1831 2466 1881 elonga-

1745 1887 1851 1925 tione
1872 1886 2056 1925 versantis
2073 1885 2123 1924 ad
2148 1885 2315 1923 eundem
2342 1885 2466 1922 circu-

1746 1939 1832 1977 lum
1856 1939 2055 1979 horarium
2084 1940 2123 1978 G
2156 1938 2214 1983 H,
2248 1938 2467 1976 differentia

1741 1992 1926 2042 temporis
1944 1999 2187 2031 convertatur
2205 1992 2247 2029 in
2266 1991 2411 2042 gradus
2428 1998 2467 2029 et

1742 2046 1907 2093 minuta,
1935 2046 1991 2085 ita
2021 2053 2068 2084 ut
2101 2053 2270 2096 quatuor
2300 2044 2467 2082 minutis

1748 2100 1911 2138 horariis
1937 2098 2166 2149 respondeat
2186 2097 2330 2149 gradus
2348 2110 2465 2143 unus,

1748 2152 1952 2192 habebitur
1976 2152 2102 2202 portio
2138 2152 2178 2191 D
2201 2152 2235 2189 F
2262 2151 2324 2189 vel
2354 2150 2396 2189 K
2420 2151 2466 2197 C,

1748 2205 1883 2244 circuli
1901 2206 2073 2255 paralleli
2091 2205 2121 2245 J
2122 2205 2213 2243 ovis.
2275 2205 2468 2243 observe-

1747 2265 1814 2297 tur
1834 2259 1951 2297 etiam
1969 2258 2186 2297 differentia
2204 2258 2388 2305 temporis
2404 2256 2465 2295 in-

1749 2319 1808 2349 ter
1817 2312 2024 2361 appulsum
2037 2311 2210 2351 satellitis
2220 2310 2270 2348 ad
2284 2311 2331 2354 L,
2348 2316 2388 2348 et
2401 2322 2468 2360 ap-

1422 2358 1580 2408 pulsum
1594 2359 1644 2398 ad
1663 2361 1707 2408 F,
1723 2375 1812 2413 quae
1825 2365 2042 2404 differentia
2056 2364 2170 2402 simili
2185 2363 2304 2402 modo
2323 2363 2363 2400 in
2379 2376 2468 2414 gra-

1422 2412 1496 2450 dus
1507 2413 1641 2451 circuli
1652 2418 1826 2464 paralleli
1840 2418 2115 2470 graduumque
2128 2424 2254 2467 partes
2268 2422 2469 2466 converta-

1422 2472 1499 2513 tur,
1513 2467 1716 2507 habebitur
1732 2471 1767 2509 L
1783 2472 1830 2518 F,
1843 2472 1907 2510 cui
1921 2472 2080 2522 aequalis
2093 2479 2151 2510 est
2169 2471 2202 2508 F
2220 2471 2265 2516 C,
2283 2472 2333 2508 ob
2343 2482 2468 2520 angu-

1423 2518 1482 2558 los
1503 2519 1539 2558 L
1557 2521 1590 2560 C
1609 2521 1656 2569 F,
1680 2522 1714 2561 F
1726 2524 1763 2564 L
1780 2525 1826 2571 C,
1847 2525 2078 2565 semitectos.
2136 2524 2253 2564 Datis
2267 2521 2357 2563 ver&
2378 2523 2419 2562 D
2436 2522 2469 2562 F

1427 3639 1467 3672 et
1496 3632 1530 3671 F
1560 3631 1607 3677 C,
1641 3627 1755 3668 datur
1786 3627 1828 3667 D
1858 3627 1904 3666 C.
1975 3624 2069 3665 Jam
2097 3622 2316 3663 conferatur
2349 3619 2391 3657 D
2422 3618 2469 3664 C,

1429 3698 1521 3725 cum
1540 3684 1728 3722 diametro
1746 3681 1774 3722 J
1776 3680 1857 3720 ovis
1882 3682 1918 3719 A
1938 3679 1973 3718 B
1993 3678 2054 3716 vel
2076 3677 2114 3716 Ο
2137 3677 2176 3722 S,
2196 3674 2306 3725 cujus
2325 3671 2471 3710 diame-

1430 3739 1479 3779 tri
1509 3749 1691 3776 mensura
1717 3734 1931 3779 habebitur,
1960 3731 1993 3771 si
2019 3740 2173 3780 tempus
2190 3739 2267 3790 quo
2287 3725 2472 3764 diameter

1430 3806 1499 3842 per
1525 3791 1638 3829 filum
1666 3789 1864 3827 horarium
1894 3787 1933 3825 G
1956 3785 2002 3824 H
2028 3783 2173 3825 transit,
2201 3793 2240 3818 ιιι
2266 3778 2410 3829 gradus
2433 3784 2472 3815 et

1360 3862 1363 3863 ⁷
1431 3847 1582 3885 minuta
1613 3849 1871 3888 convertatur,
1904 3838 2106 3889 utriusque
2138 3833 2314 3873 diametri
2349 3832 2389 3870 D
2423 3831 2468 3876 C,
