2528 4172
793 257 913 334 ET¹
936 257 1358 312 REFLUXUS
1400 257 1663 309 MARIS.
2195 266 2293 310 211

1014 462 1318 523 SECTIO
1364 462 1448 521 II.

1024 626 1439 679 PRINCIPIA.

233 779 598 832 Phaenomenis
624 790 778 830 aestus
803 778 958 830 maris
984 780 1350 851 insignioribus
1375 783 1600 834 breviter
1625 780 1906 844 recensitiS,
1934 783 2298 853 progredimur

157 865 226 917 ad
262 870 529 938 principia,
569 868 707 921 unde
732 869 922 922 horum
947 872 1078 923 ratio
1104 882 1181 924 est
1206 873 1486 925 reddenda.
1565 873 1747 925 Liceat
1771 883 1946 924 tamen
1971 874 2179 942 praefari
2202 893 2297 926 no-

157 960 456 1011 bilissimam
483 960 707 1029 quidem,
738 961 828 1012 sed
853 962 1004 1013 simul
1029 962 1382 1015 difficillimam
1409 984 1521 1015 esse
1546 963 1683 1016 hanc
1706 964 2052 1033 philosophiae
2076 976 2294 1035 partem,

158 1068 273 1118 quae
297 1049 761 1118 phaenomenorum
789 1071 966 1103 causas
992 1054 1265 1125 investigat
1290 1065 1340 1106 et
1375 1055 1613 1123 explicat.
1692 1056 1771 1107 Ea
1797 1067 1873 1107 est
1898 1068 2098 1108 naturae
2137 1059 2297 1110 subti-

155 1141 286 1203 litas,
314 1151 372 1192 ut
396 1160 504 1191 non
525 1142 589 1193 sit
608 1142 796 1192 mirum
818 1161 994 1194 causas
1019 1144 1307 1212 primarias,
1330 1145 1590 1197 solertiam
1614 1145 2045 1215 philosophorum
2070 1148 2298 1216 plerum-

157 1249 257 1300 que
296 1229 538 1300 effugere.
619 1230 727 1291 Qui
767 1232 997 1283 omnium
1040 1232 1506 1301 phaenomenorum
1550 1236 1791 1298 rationes,
1838 1255 2117 1305 exponere,
2164 1238 2295 1289 inte·-

154 1338 407 1390 gramque
451 1338 722 1372 causarum
762 1322 947 1373 seriem
988 1323 1138 1375 nobis
1182 1323 1430 1376 exhibere
1467 1326 1521 1376 in
1560 1344 1614 1377 se
1654 1338 2008 1395 susceperunt,
2055 1329 2130 1379 illi
2160 1329 2296 1381 certe

155 1411 355 1481 magnis
382 1412 486 1462 suis
513 1412 649 1463 ausis
683 1411 951 1482 hucusque
976 1413 1295 1467 exciderunt.
1374 1414 1765 1482 Philosophiam
1790 1416 2001 1485 quidem
2032 1417 2297 1485 perfectis-

157 1501 338 1552 simam
364 1502 461 1552 viri
498 1502 765 1553 clarissimi
802 1503 899 1553 sibi
934 1512 1320 1572 proposuerunt
1345 1504 1728 1567 exstruendam,
1759 1505 1963 1574 qualem
1986 1516 2163 1558 tamen
2199 1507 2297 1558 hu-
2360 1510 2367 1525 “

153 1610 321 1642 manae
348 1592 474 1643 sorti
500 1602 794 1659 competere
817 1592 892 1643 fas
919 1602 997 1643 est
1021 1593 1272 1645 dubitare.
1351 1594 1573 1648 Praestat
1596 1594 1755 1664 igitur
1779 1604 2041 1646 tantorum
2068 1596 2297 1648 virorum

157 1700 397 1732 successu
420 1678 592 1731 minus
617 1680 753 1731 felici
792 1681 1018 1745 edoctos,
1057 1682 1219 1751 ipsius
1244 1692 1445 1735 naturae
1471 1684 1685 1754 vestigia
1710 1683 1857 1738 caute
1884 1695 1935 1735 et
1969 1685 2106 1736 lente
2134 1687 2296 1756 sequi.

155 1769 316 1832 Quod
356 1769 399 1820 si
434 1769 780 1837 phaenomena
803 1769 870 1821 ad
895 1771 1157 1840 generalia
1181 1772 1422 1841 quaedam
1454 1772 1709 1840 principia
1734 1772 1982 1824 reducere
2018 1776 2293 1842 possimus,

152 1858 444 1927 horumque
479 1858 613 1908 vires
650 1857 847 1909 calculo
885 1859 1152 1928 subjicere,
1191 1859 1335 1911 hisce
1369 1860 1616 1931 gradibus
1643 1861 1869 1930 aliquam
1893 1879 2029 1912 verae
2067 1863 2296 1930 philoso-

151 1949 290 2017 phiae
335 1958 535 2017 partem
577 1967 908 2018 assequemur
924 1969 938 2010 3
984 1968 1101 2019 quae
1145 1950 1353 2020 quidem
1390 1969 1576 2006 manca
1618 1969 1709 2003 seu
1751 1950 2054 2019 imperfecta
2097 1953 2209 2016 erit,
2254 1955 2296 2005 si

154 2040 385 2108 ipsorum
421 2039 798 2109 principiorum
836 2058 1004 2090 causae
1040 2039 1262 2103 lateant3
1313 2050 1457 2091 tanta
1492 2050 1668 2092 tamen
1704 2040 1838 2092 inest
1874 2059 2050 2092 rerum
2093 2053 2295 2094 naturae

154 2141 411 2193 venustaS,
452 2140 511 2182 ut
546 2149 606 2181 ea
642 2147 763 2197 pars
798 2128 953 2199 longe
990 2140 1200 2198 praestet
1237 2129 1579 2182 subtilissimis
1616 2130 1847 2183 virorum
1881 2130 2297 2184 acutissimorum

155 2221 473 2274 commentis.

229 2311 411 2363 Motus
438 2311 594 2363 maris
621 2312 779 2364 cuivis
806 2310 887 2363 vel
911 2310 1091 2364 leviter
1115 2310 1457 2382 perpendenti
1481 2309 1810 2364 manifestum
1836 2320 1914 2364 est
1946 2310 2292 2375 luminarium,

154 2398 322 2450 Lunae
346 2400 650 2468 praesertim,
690 2401 915 2452 motibus
941 2401 1120 2452 affines
1147 2420 1258 2453 esse
1283 2412 1334 2453 et
1371 2402 1631 2472 analogoS.
1660 2454 1663 2458 ,
1706 2401 1908 2453 Eadem
1935 2411 2013 2452 est
2048 2401 2294 2470 periodus

151 2490 325 2542 motfis
350 2491 505 2542 maris
533 2491 707 2543 diurni
732 2511 793 2543 ac
831 2492 1000 2544 Lunae
1026 2492 1092 2543 ad
1117 2492 1458 2543 meridianum
1484 2492 1601 2555 loci,
1644 2491 1823 2544 eadem
1848 2491 2019 2543 motus
2044 2492 2295 2543 menstrui

151 2597 212 2645 ac
249 2580 416 2631 Lunae
454 2580 522 2631 ad
564 2580 768 2642 Solem3
806 2580 1075 2650 utriusque
1112 2571 1380 2632 luminaris
1418 2580 1494 2631 vis
1532 2580 1587 2631 in
1623 2590 1768 2632 motu
1801 2580 1958 2631 maris
1995 2581 2295 2650 generando

150 2666 272 2718 hinc
309 2668 491 2730 elucet,
533 2668 674 2738 quod
712 2678 867 2720 aestus
896 2669 998 2720 sint
1021 2669 1241 2737 majores
1267 2668 1372 2738 quo
1410 2669 1636 2721 minores
1673 2669 1942 2739 utriusque
1968 2670 2226 2721 distantiae
2264 2690 2295 2721 a

154 2754 323 2806 Terra
339 2775 353 2817 3
393 2754 523 2806 adeo
560 2766 618 2807 ut
653 2756 826 2807 nullus
863 2756 929 2807 sit
966 2756 1239 2807 dubitandi
1275 2756 1437 2820 locus,
1474 2767 1673 2808 motum
1697 2757 1854 2808 maris
1880 2776 1990 2808 esse
2017 2757 2185 2827 aliqua
2212 2776 2293 2809 ra-

151 2842 293 2893 tione
318 2843 386 2894 ad
409 2852 607 2894 motum
637 2844 806 2894 Lunae
832 2852 884 2894 et
912 2842 1046 2895 Solis
1073 2844 1433 2911 compositum.
1500 2844 1696 2905 Quales
1725 2854 1896 2896 autem
1924 2844 2153 2896 dicemus
2179 2845 2291 2897 illas

152 2949 262 2983 esse
298 2932 430 2983 vires
457 2950 573 3000 quae
610 2951 640 2982 a
679 2931 834 2982 Luna
874 2940 926 2982 et
954 2930 1074 2983 Sole
1109 2942 1410 3002 propagatae
1451 2936 1560 3001 (aut
1584 2933 1650 2983 ab
1675 2932 1756 2984 his
1783 2933 1955 3003 aliquo
1980 2933 2138 2984 modo
2162 2952 2291 3002 pen-

152 3021 350 3087 dentes)
379 3041 565 3091 aquam
600 3021 679 3072 bis
708 3020 921 3091 singulis
954 3019 1137 3071 diebus
1175 3010 1363 3071 tollunt
1388 3030 1440 3072 et
1464 3021 1789 3089 deprimunt3
1829 3040 1947 3091 quae
1983 3022 2039 3072 in
2072 3022 2290 3092 syzygiis

150 3109 481 3160 luminarium
506 3108 819 3177 conspirant,
849 3106 1173 3177 quadraturis
1198 3118 1464 3178 pugnant3
1502 3108 1557 3158 in
1581 3108 1867 3160 minoribus
1893 3108 2159 3178 utriusque
2185 3109 2290 3160 dis-

150 3199 322 3252 tantiis
347 3209 618 3270 augentur,
658 3199 712 3249 in
745 3198 1024 3267 majoribus
1049 3197 1352 3249 minuuntur
1366 3217 1381 3259 3
1420 3216 1536 3268 quae
1562 3199 1617 3249 in
1641 3198 1829 3249 minori
1867 3198 2036 3249 Lunae
2062 3198 2288 3250 declina-

149 3287 289 3339 tione
313 3287 566 3349 fortiores‚
592 3286 648 3337 in
673 3287 856 3356 majori
881 3286 1156 3337 debiliores
1177 3296 1297 3338 sunt
1310 3306 1324 3348 3
1353 3297 1405 3338 et
1427 3305 1803 3356 nonnunquam
1821 3288 2068 3356 maj0rem
2087 3299 2286 3339 motum

150 3379 288 3430 cient
311 3376 429 3430 cum
457 3378 547 3430 Sol
572 3387 624 3430 et
650 3379 802 3430 Luna
825 3377 958 3429 infra
981 3376 1302 3428 horizontem
1322 3377 1696 3446 deprimuntur,
1725 3374 1881 3446 quam
1907 3375 2026 3428 cum
2053 3377 2106 3428 in
2133 3379 2288 3429 meri-

151 3466 308 3519 diano
333 3467 586 3536 superiori
622 3469 775 3519 ambo
813 3469 1160 3520 dominentur.
1240 3468 1473 3519 Fuerunt
1498 3468 1593 3519 viri
1631 3467 1952 3529 celeberrimi
1977 3469 2066 3538 qui
2103 3481 2286 3522 aestum

120 3566 121 3569 ’
151 3557 307 3607 maris
344 3557 609 3624 pressione
637 3556 860 3625 quadam
898 3557 1069 3608 Lunae
1105 3555 1228 3606 cieri
1266 3565 1529 3624 putarunt.
1607 3554 1807 3607 Verum
1832 3574 2038 3608 causam
2064 3568 2115 3610 et
2140 3576 2285 3609 men-

152 3662 326 3695 suram
350 3644 500 3712 hujus
525 3644 807 3712 pressionis
832 3662 938 3695 non
964 3644 1318 3706 ostenderunt,
1344 3662 1441 3695 nec
1467 3662 1570 3714 quo
1595 3654 1747 3712 pacto
1771 3655 1942 3696 motus
1968 3645 2123 3696 maris
2157 3645 2286 3696 varii

150 3731 272 3783 hinc
309 3731 432 3781 oriri
469 3731 668 3798 possint
704 3732 822 3782 satis
861 3731 996 3783 clare
1032 3732 1342 3793 indicarunt,
1382 3730 1548 3782 multo
1585 3731 1755 3786 minsis
1793 3744 1964 3785 motus
2002 3733 2117 3784 illos
2163 3733 2285 3801 (hoc

151 3819 405 3888 principio
429 3817 619 3887 posito)
647 3818 712 3869 ad
739 3818 992 3869 calculum
1017 3837 1261 3871 revocare
1286 3818 1594 3870 docuerunt.
1634 3886 1639 3891 Ι

1177 3906 1217 3950 Q,
1234 3911 1258 3943 4
