2528 4172
780 252 883 308 ΕΤ
919 250 1342 308 REFLUXUS
1380 253 1643 309 MARIS.
2174 262 2284 314 229

1001 431 1292 485 LEMMA
1329 432 1427 485 VI.

217 576 345 630 Duo
369 574 524 645 plana
550 575 597 628 Β
616 574 682 628 M
697 575 734 627 b
757 593 787 626 a
807 574 870 639 B,
900 574 948 628 Β
970 576 1014 629 Ζ
1030 596 1067 649 g
1085 597 1114 629 e
1133 578 1181 630 B
1207 596 1263 631 se
1286 574 1468 629 mutuo
1495 570 1669 630 secent
1690 576 1745 629 in
1767 587 1910 631 recta
1936 577 1996 629 H
2015 576 2062 630 B
2080 575 2117 628 h
2144 595 2285 629 com-

143 668 291 719 muni
307 665 592 737 figurarum
608 668 866 735 tangente,
890 665 1226 738 auferantque
1245 687 1311 721 ex
1331 667 1496 720 solido
1514 667 1734 721 frustum
1752 669 1799 721 B
1817 669 1882 722 M
1897 669 1932 720 b
1952 688 1982 720 a
2000 668 2047 720 Β
2069 685 2096 718 Ζ
2113 687 2150 739 g
2169 686 2197 718 e
2217 666 2263 719 B
2270 686 2285 728 3

144 762 246 813 sint
283 759 614 811 semi-circuli
653 759 712 809 H
741 758 786 810 C
811 757 866 821 h,
908 757 970 813 H
996 779 1024 812 c
1047 761 1085 812 h
1123 762 1374 813 sectiones
1403 761 1592 812 horum
1616 761 1894 830 planorum
1919 770 1970 813 et
1994 758 2285 829 superficiei

144 847 364 917 sphaerae
401 856 578 898 centro
618 845 681 908 Β,
720 845 869 897 radio
909 847 954 898 Β
985 848 1029 899 C
1068 848 1357 917 descriptae.
1436 848 1522 899 Ex
1557 859 1755 917 puncto
1787 848 1834 901 Β
1868 849 2117 901 educatur
2145 857 2298 899 recta.

142 936 334 1006 quaevis
363 934 409 987 Β
438 934 503 986 Μ
528 934 583 984 in
606 933 769 1003 priori
793 934 950 1003 plano
975 935 1160 1007 figurae
1189 938 1234 989 B
1257 936 1322 989 M
1339 938 1379 988 b
1396 956 1426 989 a
1451 956 1728 990 occurrens
1754 939 1809 989 in
1837 938 1918 1001 M,
1955 947 2007 989 et
2032 938 2284 990 semi-cir-

141 1026 257 1077 culo
299 1026 359 1077 H
388 1025 433 1077 C
462 1024 498 1075 h
534 1025 589 1076 in
627 1025 681 1077 N
697 1045 713 1088 3
753 1027 955 1096 sintque
996 1026 1063 1079 M
1090 1027 1143 1089 Q
1182 1037 1233 1079 et
1272 1027 1326 1079 N
1347 1028 1398 1079 R
1432 1028 1691 1080 normales
1717 1029 1772 1080 in
1800 1029 1861 1081 H
1884 1028 1938 1092 h,
1967 1038 2020 1080 et
2043 1029 2282 1081 ordinata

143 1115 196 1167 K
226 1116 275 1167 R
316 1134 518 1184 semper
543 1115 754 1186 aequalis
779 1126 935 1168 rectae
974 1116 1039 1168 M
1068 1117 1139 1178 Q.
1216 1117 1321 1169 His
1345 1118 1541 1187 positis,
1576 1119 1618 1169 si
1642 1118 1863 1190 angulus
1903 1118 1949 1170 C
1976 1119 2023 1170 Β
2050 1137 2077 1169 c
2114 1118 2282 1187 planis

138 1204 279 1255 hisce
319 1212 590 1257 contentus
628 1204 893 1255 minuatur
929 1205 985 1255 in
1021 1205 1297 1269 infinitum,
1338 1206 1434 1257 erit
1472 1207 1696 1277 gravitas
1732 1207 2000 1277 particulae
2029 1206 2076 1258 Β
2103 1205 2282 1259 versiis

138 1291 360 1344 frustum
399 1291 445 1344 Β
468 1292 532 1344 Μ
553 1292 586 1343 b
608 1312 639 1343 a
659 1292 706 1344 B
729 1292 771 1344 Z
789 1312 825 1363 g
841 1312 869 1344 e
890 1293 938 1344 B
972 1292 1156 1345 ultime)
1181 1294 1249 1346 ad
1280 1295 1587 1366 gravitatem
1614 1296 1845 1365 ejusdem
1869 1296 2139 1365 particulae
2165 1317 2283 1350 ver-

136 2770 221 2826 sfis
269 2772 490 2827 frustum
539 2775 760 2846 sphaerae
809 2776 1164 2830 semi-circulis
1206 2776 1268 2830 H
1298 2775 1344 2830 C
1366 2776 1421 2841 h,
1452 2776 1514 2829 H
1541 2794 1570 2827 c
1594 2775 1631 2826 h
1682 2783 2000 2836 contentum,
2052 2780 2111 2824 ut
2160 2789 2283 2823 area

137 2861 198 2914 H
220 2862 274 2915 K
297 2863 332 2916 d
348 2863 385 2915 h
409 2865 583 2936 genita
607 2877 754 2918 motu
779 2865 1030 2927 ordinatae
1056 2865 1109 2917 K
1138 2867 1189 2918 R
1215 2866 1281 2918 ad
1309 2862 1714 2928 semi-circulum
1743 2863 1804 2916 H
1836 2862 1880 2913 C
1906 2861 1962 2913 h.

209 2952 286 3005 Sit
321 2971 375 3005 m
410 2963 661 3023 punctum
697 2955 752 3006 in
789 2953 956 3027 figura
996 2954 1043 3006 B
1071 2954 1136 3006 M
1165 2954 1228 3018 B,
1268 2954 1368 3024 ipsi
1402 2953 1468 3005 M
1506 2950 1663 3023 quam
1701 2951 1999 3022 proximum
2029 2948 2282 3023 jungatur

136 3039 183 3092 B
199 3060 253 3092 m
278 3060 395 3111 quae
421 3042 614 3094 circulo
643 3043 704 3095 H
726 3043 771 3095 C
789 3043 827 3095 h
853 3052 1091 3095 occurrat
1115 3043 1170 3094 in
1194 3061 1263 3105 n3
1304 3042 1471 3113 sitque
1495 3060 1532 3093 n
1558 3060 1585 3093 r
1608 3040 1859 3093 normalis
1884 3032 1938 3090 in
1977 3037 2039 3089 H
2057 3036 2110 3088 h.
2187 3035 2279 3092 Ad

16 3141 17 3144 ’
132 3130 247 3183 haec
272 3133 374 3185 sint
397 3134 554 3203 plana
579 3134 626 3187 B
654 3134 721 3187 M
742 3135 800 3199 Ζ,
831 3135 878 3186 Β
904 3153 958 3186 m
982 3153 1010 3185 z
1034 3133 1482 3203 perpendicularia
1505 3133 1664 3202 plano
1698 3132 1745 3184 B
1775 3130 1841 3184 M
1864 3131 1900 3183 b
1926 3149 1972 3193 a,
2001 3137 2278 3198 secentque

132 3220 345 3289 planum
372 3223 590 3274 alterum
619 3223 666 3275 B
696 3223 738 3275 Z
763 3242 799 3294 g
824 3243 852 3275 e
877 3223 931 3274 in
956 3223 1108 3274 rectis
1137 3222 1183 3274 B
1212 3223 1271 3285 Ζ,
1302 3222 1350 3275 Β
1376 3240 1403 3274 z
1430 3219 1858 3273 circumferentiae
1893 3218 1954 3271 H
1980 3236 2008 3269 c
2031 3214 2069 3268 h
2095 3232 2280 3270 occur-

133 3312 364 3363 rentibus
390 3313 445 3363 in
470 3313 529 3364 X
555 3323 606 3365 et
629 3331 683 3366 x.
761 3313 866 3366 His
891 3313 1089 3383 positiS,
1116 3312 1192 3364 vis
1219 3311 1320 3383 qua
1344 3311 1599 3382 particula
1638 3310 1685 3361 B
1722 3308 1945 3380 gravitat
1969 3306 2024 3358 in
2047 3307 2279 3377 pyrami-

134 3399 253 3450 dem
293 3400 339 3451 B
368 3400 433 3452 M
462 3400 504 3452 Z
529 3419 556 3451 z
580 3418 634 3451 m
670 3401 766 3453 erit
791 3401 859 3453 ad
883 3402 987 3453 vim
1014 3399 1115 3471 qua
1141 3400 1321 3452 eadem
1344 3399 1598 3470 particula
1621 3397 1847 3470 gravitat
1870 3397 1923 3447 in
1948 3396 2276 3466 pyramidem

136 3489 183 3549 ,Β
206 3490 444 3545 NXxn
469 3491 652 3544 ultimo
677 3503 735 3544 ut
758 3502 899 3547 recta
926 3493 973 3545 B
995 3491 1060 3544 M
1086 3492 1153 3544 ad
1181 3492 1228 3544 Β
1249 3490 1318 3555 Ν,
1347 3490 1430 3543 vel
1456 3490 1522 3543 M
1543 3509 1574 3542 a
1598 3489 1665 3541 ad
1702 3488 1757 3540 N
1785 3488 1836 3539 R
1867 3505 1963 3561 per
1990 3486 2138 3539 Lem..
2167 3486 2275 3539 111.

136 3612 376 3666 Gravitas
396 3610 574 3667 ¹autem
597 3614 654 3667 in
678 3613 814 3669 hanc
837 3616 1161 3688 pyramidem
1187 3622 1264 3668 est
1287 3625 1346 3666 ut
1367 3581 1716 3719 ξ-ΧΒ-ξῇὲῐέ
1759 3624 1801 3667 ><
1843 3611 1889 3665 Β
1916 3611 1986 3676 Ν,
2015 3611 2097 3663 vel
2125 3615 2276 3682 (quo-

34 3860 41 3865 ⁵
121 3788 271 3841 vniam
295 3789 350 3842 N
367 3789 424 3842 X
451 3799 528 3843 est
551 3799 610 3842 ut
634 3789 689 3842 N
708 3789 779 3856 R)
807 3801 865 3844 ut
886 3757 941 3810 N
962 3759 1175 3895 RBXCN
1192 3776 1250 3854 Π,
1271 3789 1304 3841 i.
1334 3809 1378 3842 e.
1416 3799 1475 3842 ut
1520 3788 1571 3842 R
1595 3807 1655 3853 r3
1700 3798 1853 3863 atque
1893 3788 2009 3839 haec
2048 3782 2275 3857 gravitas
