2528 4172
0 3806 3 3815 *
0 3738 14 3782 ’μ’
0 3682 13 3728 rr*

602 252 919 309 FLUXUs
957 255 1059 307 Ao
1103 252 1524 308 REFLUXUS
1563 251 1825 306 MARIs.
2176 244 2279 304 283
2344 228 2346 231 ’

137 405 251 448 tore
287 398 490 461 existat,
530 398 613 449 vel
650 399 835 450 Terrae
873 397 1020 449 locus
1047 398 1142 448 sub
1168 408 1430 466 aequatore
1456 398 1520 448 sit
1546 397 1689 459 situS‚
1729 397 1901 446 fluxus
1928 393 2083 445 maris
2109 393 2283 444 diurni

139 504 200 537 ac
225 488 466 538 nocturni
501 497 654 537 erunt
678 487 990 556 inaequales3
1029 486 1369 537 luminaribus
1394 496 1565 536 autem
1601 486 1655 535 in
1682 494 1942 554 aequatore
1968 483 2279 546 extantibus,

1822 572 1869 622 L

204 755 242 817 ᾗ.
271 758 356 803 54.
401 752 479 804 Ut
515 770 656 803 nunc
681 753 735 802 in
762 751 989 812 effectuS,
1030 769 1158 819 quos
1194 751 1286 802 Sol
1324 760 1375 801 et
1412 749 1566 800 Luna
1601 749 1656 798 in
1682 748 2009 817 quadraturis
2037 748 2119 799 siti
2156 766 2279 799 con-

126 838 352 906 junctim
388 840 704 907 producunt,
744 840 1095 909 inquiramus3
1133 856 1403 906 ponamus,
1445 857 1511 888 ne
1538 836 1763 888 calculus
1789 836 2007 886 nimium
2033 836 2124 887 fiat
2158 855 2280 904 pro-

129 929 282 993 lixus,
324 931 499 983 Solem
528 932 580 982 in
616 933 729 1001 ipso
754 940 1016 999 aequatore
1040 929 1250 991 versari,
1292 928 1536 997 quoniam
1561 937 1673 978 tum
1705 926 2010 995 plerumque
2035 927 2279 977 minimus

131 1030 288 1071 aestus
332 1021 649 1073 observatur.
728 1020 852 1071 Hoc
894 1020 1067 1088 itaque
1110 1012 1234 1069 casu
1282 1017 1416 1069 Solis
1455 1015 1731 1067 declinatio
1767 1015 1864 1065 erit
1900 1015 2059 1076 nulla,
2109 1015 2279 1066 Lunae

129 1109 253 1160 verb
292 1111 534 1173 maxima,
578 1130 733 1180 quam
770 1108 1006 1181 neglecta
1042 1108 1315 1159 latitudine
1341 1126 1659 1158 assumamus
1698 1114 1805 1157 23⁰.
1834 1107 1936 1158 29².
1964 1106 2109 1174 cujus
2137 1106 2279 1156 sinus

129 1201 196 1251 sit
229 1221 281 1247 =
318 1201 388 1263 Q,
429 1201 635 1252 cosinus
661 1222 712 1248 =
739 1220 787 1271 q,
833 1198 1000 1268 posita
1043 1199 1143 1250 hac
1180 1198 1522 1249 declinatione
1557 1197 1770 1248 boreali.
1862 1197 1983 1248 Jam
2022 1214 2278 1264 ponamus

129 1291 336 1342 Lunam
375 1292 429 1342 in
465 1292 753 1344 meridiano
790 1291 845 1341 in
872 1290 950 1342 .M
986 1290 1195 1353 versari,
1232 1308 1336 1359 quo
1372 1301 1605 1358 tempore
1647 1289 1737 1341 Sol
1762 1287 1860 1339 erit
1895 1289 1950 1338 in
1975 1289 2244 1340 horizonte
2261 1309 2278 1350 3

133 1378 270 1430 unde
322 1378 441 1430 cum
490 1399 624 1449 aqua
673 1398 830 1448 supra
878 1388 1068 1430 statum
1115 1378 1401 1429 naturalem
1452 1378 1678 1429 elevetur
1720 1396 1752 1428 a
1801 1375 1955 1428 Luna
2004 1376 2279 1429 intervallo

134 615 352 677 utraque
377 625 524 677 aquae
552 606 768 659 elevatio
794 606 883 657 fiet
906 625 1000 674 per
1026 607 1248 674 spatium
1265 629 1321 649 =
1345 614 1373 657 3
1395 624 1430 674 p
1448 624 1484 673 p
1511 574 1663 708 (ἷ-ῗῑᾶ
1697 612 1750 666 -Ι-

130 1469 861 1602 W),
902 1521 933 1563 a
961 1502 1081 1554 Sole
1106 1499 1228 1553 vero
1254 1501 1572 1570 deprimatur
1597 1502 1869 1553 intervallo
1894 1469 1978 1604 Ξῖ
1993 1538 2028 1580 3,
2052 1501 2118 1552 ab
2134 1500 2277 1552 utra-

129 1690 229 1740 que
254 1672 305 1722 vi
331 1673 647 1742 conjunctim
673 1674 956 1727 elevabitur
980 1695 1075 1745 per
1102 1656 1323 1745 spatium
1347 1641 2006 1777 {EQ—ff&
2029 1704 2100 1714 —
2127 1644 2245 1779 ἷῖ-ῖς
2261 1695 2275 1726 :

129 1825 182 1867 at
208 1815 334 1866 dum
361 1817 516 1868 Luna
543 1818 638 1869 sub
663 1818 933 1873 horizonte
959 1822 1025 1873 ad
1051 1821 1395 1873 meridianum
1432 1820 1660 1888 appellit,
1700 1837 1834 1888 aqua
1859 1818 2144 1871 elevabitur
2179 1839 2277 1889 per

128 1940 351 2008 spatium
377 1910 1094 2044 ψ)
1121 1974 1192 1985 -
1216 1915 1346 2048 Ξ-ῗό.
1416 1946 1661 1996 Sumatur
1685 1942 1821 1994 inter
1845 1942 1940 1994 has
1967 1943 2146 1994 ambas
2173 1945 2275 1996 ele-

129 2083 361 2137 vationes
388 2084 667 2153 inaequales
692 2102 838 2137 more
863 2086 1014 2138 solito
1039 2088 1284 2152 medium,
1325 2089 1524 2158 eritque
1550 2086 1767 2139 elevatio
1793 2104 1942 2156 aquae
1966 2086 2138 2138 media
2174 2087 2275 2140 hac

1132 2175 1151 2195 Ο
1382 2177 1400 2196 O
1494 2177 1512 2196 0

130 2203 447 2275 quadratura
474 2206 713 2257 eveniens
731 2231 788 2251 =
809 2175 1682 2259 Q
1705 2239 1777 2248 -
1805 2177 1929 2260 -Ξ,
2017 2209 2273 2262 Refluxus

1183 2265 1213 2310 2
1237 2260 1269 2310 b
1288 2271 1307 2288 ⁰
1802 2267 1833 2311 2
1851 2280 1881 2311 a
1894 2260 1914 2289 3

126 2348 254 2401 vero
280 2349 562 2419 continget,
592 2346 710 2400 cum
737 2349 889 2400 Luna
913 2347 1236 2400 horizontem
1262 2349 1495 2419 attinget,
1535 2368 1636 2418 quo
1662 2359 1896 2418 tempore
1925 2351 2016 2403 Sol
2039 2350 2094 2401 in
2117 2354 2274 2403 meri-

129 2438 287 2491 diano
322 2438 562 2512 proxjme
599 2440 903 2503 versabitur,
944 2457 1012 2490 ex
1037 2459 1141 2509 quo
1168 2440 1432 2509 depressio
1458 2441 1630 2492 totalis
1657 2460 1806 2511 aquae
1831 2442 1887 2492 in
1911 2444 2115 2493 refluxu
2141 2442 2275 2495 infra

127 2569 317 2612 statum
341 2559 631 2613 naturalem
655 2559 893 2629 proxime
920 2560 1017 2613 erit
1033 2587 1090 2608 =
1112 2529 1234 2664 {IbLg
1257 2591 1329 2600 —-
1351 2529 1777 2663 ὃ-(Ξ-ξξ-ὃ-...Ώ
1796 2583 1808 2614 :
1867 2581 2026 2632 quare
2063 2583 2093 2614 a
2126 2564 2272 2615 fluxu

125 2722 289 2772 usque
338 2704 405 2755 ad
455 2703 854 2772 subsequentem
905 2704 1164 2755 refluxum
1215 2720 1351 2772 aqua
1400 2700 1631 2752 subsidet
1687 2720 1783 2769 per
1836 2703 2164 2754 intervallum
2211 2730 2269 2751 =

127 2790 520 2860 3L(p2<1²÷
552 2787 1117 2874 P-2Q2h-f23EPP.

379 2872 514 2924 2b3
938 2873 1060 2925 2a3

196 2966 234 3028 §.
264 2968 348 3014 55.
409 2961 662 3023 Quamvis
704 2974 875 3015 motus
919 2963 1074 3014 maris
1117 2962 1220 3014 hoc
1262 2965 1419 3015 modo
1463 2964 1752 3035 assignatus
1793 2966 1858 3016 ab
1898 2966 2081 3018 inertia
2118 2986 2266 3036 aquae

122 3053 344 3104 multum
380 3055 698 3118 immutetur,
739 3065 914 3107 tamen
953 3055 1074 3123 quia
1106 3054 1326 3105 eandem
1361 3054 1468 3107 fere
1492 3056 1828 3107 mutationem
1855 3066 1961 3106 tam
1985 3058 2265 3126 majoribus

123 3141 334 3193 aestibus
361 3141 517 3212 quam
541 3143 828 3196 minoribus
854 3143 1023 3205 infert,
1062 3143 1182 3194 satis
1208 3142 1320 3195 tuto
1346 3163 1605 3195 assumere
1642 3163 1796 3212 posse
1820 3144 2057 3197 videmur
2082 3147 2263 3215 spatia,

121 3253 217 3304 per
245 3255 361 3306 quae
389 3256 520 3307 aqua
548 3233 685 3290 circa
710 3238 1020 3308 aequinoctia
1039 3235 1158 3288 cum
1183 3246 1418 3305 tempore
1441 3238 1714 3306 plenilunii
1740 3239 1845 3289 sive
1864 3239 2129 3301 novilunii,
2152 3237 2261 3290 tum

123 3325 278 3376 etiam
313 3335 547 3394 tempore
572 3327 1004 3397 quadraturarum
1029 3334 1146 3377 actu
1174 3321 1422 3388 ascendit,
1463 3326 1883 3394 expressionibus
1908 3327 2127 3378 inventis
2153 3330 2269 3379 esse

121 3406 542 3481 proportionalia.
619 3414 976 3476 Quamobrem
1001 3414 1043 3465 si
1079 3414 1134 3464 in
1160 3409 1283 3465 dato
1315 3414 1498 3465 Terrae
1524 3415 1642 3466 loco
1668 3434 1735 3466 ex
1758 3415 1995 3484 pluribus
2022 3417 2262 3469 observa-

121 3500 348 3551 tionibus
395 3500 768 3553 determinetur
811 3502 1035 3571 spatium
1077 3501 1321 3564 medium,
1367 3520 1462 3570 per
1506 3503 1648 3572 quod
1689 3522 1832 3555 mare
1875 3524 1906 3555 a
1948 3506 2151 3557 refluxu
2194 3506 2262 3557 ad

121 3590 323 3642 fluxum
347 3592 595 3655 ascendit,
633 3603 866 3662 tempore
892 3594 1339 3664 aequinoctiorum,
1379 3604 1485 3646 tam
1522 3595 1577 3645 in
1600 3595 1897 3663 pleniluniis
1922 3598 2261 3649 noviluniisve

123 3677 278 3750 quam
314 3680 369 3730 in
407 3681 747 3750 quadraturis,
787 3702 967 3737 eorum
1004 3684 1137 3734 ratio
1174 3683 1240 3734 ad
1280 3702 1393 3735 eam
1420 3704 1537 3754 quae
1563 3704 1628 3736 ex
1653 3686 1885 3739 formulis
1911 3688 2256 3757 consequitur,

121 3768 359 3838 proxime
396 3770 641 3823 accedere
677 3771 903 3828 debebit.
982 3774 1158 3843 Atque
1193 3771 1316 3825 hinc
1341 3792 1405 3825 ex
1443 3774 1654 3827 definita
1692 3775 1790 3828 hac
1814 3777 2011 3837 ratione
2049 3794 2142 3844 per
2167 3775 2259 3826 ob-
