2528 4172
1058 1093 1333 1110 ἊἉΜἉἉ

130 1358 426 1437 Fssmcms
454 1383 798 1457 commentari
822 1400 928 1433 non
954 1400 1228 1450 possumus
1250 1401 1310 1433 ea
1330 1400 1446 1451 quae
1473 1381 1630 1432 tradit
1656 1390 1806 1432 autor
1825 1389 2000 1431 noster
2020 1380 2086 1431 de
2108 1379 2276 1432 Maris

133 1476 308 1537 AEstu,
336 1472 492 1544 quam
516 1472 638 1522 huic
656 1470 1000 1539 propositioni
1026 1469 1389 1540 subjungendo
1413 1488 1498 1520 eas
1519 1468 1903 1520 dissertationes
1925 1487 2041 1537 quae
2060 1468 2278 1536 praemio

132 1567 277 1619 fuere
314 1564 671 1618 condecoratae
710 1581 740 1612 a
777 1561 969 1612 celebri
1008 1560 1287 1612 Parisiensi
1325 1559 1666 1612 Scientiaruni
1696 1558 1998 1610 Academia.
2077 1559 2141 1610 ld
2167 1558 2279 1628 qui-

132 1656 252 1707 dem
290 1654 521 1723 primum
559 1650 707 1702 nobis
745 1649 912 1701 fuerat
945 1650 1287 1719 propositum,
1317 1659 1375 1699 ut
1401 1668 1462 1699 ea
1488 1668 1604 1718 quae
1630 1648 1684 1698 in
1709 1648 1810 1698 illis
1836 1647 2281 1699 dissertationibus

131 1745 537 1797 momentosiora
574 1741 875 1793 viderentur
913 1751 964 1792 et
1001 1741 1069 1792 ad
1108 1740 1467 1792 Newtonianae
1504 1740 1850 1809 philosophiae
1887 1740 2284 1790 illustrationem

131 1833 467 1903 pertinerent,
513 1830 661 1882 brevi
704 1829 1013 1898 compendio
1065 1828 1442 1897 comprehensa
1490 1829 1626 1880 notis
1679 1828 2016 1898 adjiceremus
2032 1849 2046 1890 3
2103 1827 2286 1879 verum

134 1936 319 1977 trunca
356 1943 416 1976 ac
452 1922 649 1993 ingenii
673 1922 836 1972 nostri
862 1921 987 1971 vitio
1014 1920 1203 1971 detrita
1228 1920 1474 1976 exhibere
1499 1919 1614 1971 haec
1648 1920 2112 1971 illustrissimorum
2149 1920 2286 1970 viro-

135 2034 251 2066 rum
279 2015 469 2082 scripta
492 2009 679 2062 merito
703 2010 888 2081 piguit,
918 2019 969 2061 et
993 2028 1099 2060 non
1127 2009 1476 2060 dubitavimus
1503 2027 1599 2059 nos
1626 2006 1809 2059 melius
1831 2009 2154 2060 consulturos
2175 2007 2287 2059 tum

135 2103 417 2155 lectoribus
445 2101 652 2162 nostris,
691 2097 805 2150 tum
843 2099 968 2167 ipsis
995 2117 1175 2165 eorum
1204 2099 1516 2167 scriptorum
1542 2098 1863 2161 authoribus,
1905 2100 1948 2149 si
1974 2099 2145 2168 qualia
2170 2109 2289 2149 sunt

139 2193 278 2245 edita
313 2190 401 2242 hic
438 2190 527 2241 illa
551 2191 938 2245 insereremus:
980 2187 1203 2258 cumque
1250 2188 1527 2240 authorum
1566 2208 1596 2239 a
1620 2188 1901 2258 typothetis
1928 2189 2158 2240 absentia
2186 2188 2289 2240 fac-

139 2293 251 2335 tum
280 2282 344 2333 sit
379 2291 437 2332 ut
461 2282 516 2330 in
544 2280 768 2333 editione
798 2278 1032 2331 Parisina
1058 2279 1283 2348 plurima
1308 2279 1611 2347 irrepserint
1636 2278 1842 2340 menda,
1872 2278 2018 2329 nullo
2055 2297 2291 2330 errorum

141 2373 378 2443 catalogo
417 2381 664 2433 correcta,
709 2390 770 2421 ea
813 2370 1340 2422 demonstrationibus
1397 2389 1457 2421 ac
1507 2369 1715 2421 calculis
1769 2368 2008 2420 accurate
2060 2370 2292 2437 repetitis

141 2461 547 2523 emendavimus,
571 2460 871 2530 figurasque
898 2460 965 2510 ad
991 2460 1121 2523 loca,
1153 2460 1341 2530 quibus
1368 2459 1705 2528 respondent,
1735 2459 1902 2528 aptari
1928 2459 2235 2511 curavimus.

217 2552 458 2613 Quatuor
496 2550 707 2620 quidem
748 2550 1137 2601 dissertationes
1168 2550 1417 2601 Parisinis
1444 2550 1580 2619 typis
1606 2549 1817 2600 fuerunt
1855 2548 2125 2618 evulgatae,
2169 2568 2294 2618 qua-

142 2660 258 2693 rum
284 2641 428 2709 prior
455 2660 485 2691 a
514 2641 669 2692 Patre
702 2639 981 2690 Cavallieri
1008 2640 1041 2691 J
1048 2640 1229 2702 esuita,
1265 2640 1492 2690 secunda
1518 2659 1549 2690 a
1574 2639 1802 2692 Daniele
1831 2638 2151 2701 Bernoullio,
2192 2650 2294 2690 ter-

143 2733 214 2783 tia
230 2752 260 2782 a
282 2732 350 2782 D.
374 2732 446 2783 D.
471 2731 878 2792 Mac-Laurino,
904 2741 1088 2799 quarta
1108 2752 1138 2781 a
1160 2731 1442 2783 Leonardo
1483 2731 1680 2783 Eulero
1705 2731 1851 2783 fuere
1872 2731 1938 2782 ad
1955 2731 2295 2783 Academiam

144 2823 334 2875 missae.
415 2822 570 2873 Prior
607 2822 662 2871 in
701 2840 765 2873 eo
803 2832 1089 2889 occupatur
1115 2832 1173 2872 ut
1204 2823 1522 2875 Cartesianae
1547 2823 1897 2893 hypotheseos
1925 2824 2060 2875 circa
2086 2842 2294 2876 causam

145 2910 301 2963 aestfis
339 2910 526 2961 marini
564 2910 688 2960 vitia
714 2918 766 2960 et
790 2908 963 2960 hiatus
991 2910 1219 2981 corrigat
1245 2920 1296 2967 et
1320 2912 1581 2975 resarciat,
1624 2913 1765 2982 quod
1793 2914 2002 2983 quidem
2027 2913 2293 2983 ingeniose

147 3001 432 3052 admodum
469 3010 714 3070 praestat3
753 3011 859 3052 tres
897 3001 1114 3071 reliquae
1145 3021 1212 3053 ex
1237 3002 1439 3073 legibus
1464 3006 1729 3075 gravitatis
1756 3025 2006 3076 aquarum
2036 3006 2202 3057 Maris
2240 3006 2294 3056 in

151 3091 342 3154 Solem,
383 3091 591 3142 Lunam
626 3101 679 3142 et
724 3091 964 3155 Terram,
1007 3111 1185 3144 omnes
1221 3093 1556 3161 phaenomeni
1592 3097 1846 3166 propositi
1884 3098 2292 3148 circumstantias

149 3182 408 3250 explicant
435 3193 487 3234 et
512 3182 721 3235 calculis
750 3183 1127 3241 determinant:
1167 3185 1261 3237 has
1289 3206 1414 3258 ergo
1435 3197 1556 3252 tres,
1579 3188 1768 3241 omissa
1788 3190 1979 3258 priore,
2006 3190 2160 3259 hujus
2181 3208 2293 3242 esse

148 3269 251 3321 loci
276 3270 603 3323 credidimus·

225 3358 291 3411 In
328 3359 685 3412 dissertatione
728 3361 1103 3414 Mac-Laurini
1140 3367 1365 3418 occurrit
1399 3367 1587 3419 solutio
1628 3367 1915 3437 synthetica
1953 3369 2296 3421 Problematis

152 3449 219 3501 de
250 3449 418 3521 figura
450 3451 658 3515 Terrae,
701 3454 852 3523 quale
889 3454 1020 3506 illud
1053 3473 1493 3525 proposueramus
1531 3458 1585 3508 in
1623 3458 1759 3510 notis
1800 3459 1991 3511 nostris
2030 3461 2096 3512 ad
2138 3462 2297 3529 Prop.

154 3539 322 3591 XIX.
350 3540 593 3609 quodque
618 3560 806 3609 parum
831 3543 969 3595 felici
1001 3563 1242 3597 successu
1269 3546 1521 3616 analytice
1550 3547 1749 3599 solvere
1778 3557 2191 3612 tentaveramus3
2235 3569 2299 3601 ex

155 3630 265 3697 ejus
306 3629 561 3681 solutione
598 3641 742 3698 patet
779 3635 1129 3686 meridianum
1169 3655 1281 3688 esse
1319 3656 1496 3688 veram
1531 3638 1752 3707 ellipsim
1777 3640 1831 3690 in
1856 3640 2134 3710 hypothesi
2161 3641 2302 3711 quod

159 3719 327 3772 Terra
354 3720 420 3772 sit
443 3721 799 3792 homogenea:
848 3723 968 3776 cum
994 3735 1167 3778 autem
1194 3726 1307 3777 haec
1333 3727 1386 3777 in
1412 3746 1596 3780 manus
1622 3740 1825 3782 nostras
1851 3750 1958 3782 non
1984 3732 2301 3793 devenerint,

158 3808 261 3859 nisi
285 3806 407 3859 cum
432 3818 572 3860 notae
599 3810 666 3861 ad
692 3829 807 3863 eam
837 3812 1254 3882 Propositionem
1282 3816 1447 3867 XIX.
1474 3817 1696 3886 praelum
1722 3819 2014 3883 subiissent,
2054 3820 2176 3870 inde
2201 3818 2306 3869 fac-

1190 3904 1211 3942 1
1242 3909 1268 3942 4
