2528 4172
322 283 428 330 240
809 276 917 330 DE
957 273 1212 328 CAUSA
1254 273 1594 327 PHYSICA
1633 273 1950 327 FLUXUS

325 421 508 474 eodem
547 419 742 472 circulo
778 417 1028 487 aequatori
1051 417 1298 487 parallelo
1322 436 1669 486 perseverare,
1708 418 1791 469 vel
1815 418 2140 469 latitudinem
2167 418 2382 470 eandem
2407 419 2462 469 in

324 514 539 585 singulis
576 511 980 564 revolutionibus
1019 529 1238 574 servare,
1279 521 1329 562 et
1370 511 1711 562 variationem
1749 508 1989 561 ascensus
2031 528 2195 580 aquae,
2243 529 2359 580 quae
2393 528 2461 562 ex

324 604 494 677 figura
522 601 861 672 sphaeroidica
890 602 1073 656 Terrae
1098 602 1353 671 provenit,
1381 618 1488 652 non
1514 601 1916 654 consideramus·

1078 794 1552 849 PROPOSITIO
1591 794 1718 847 VII.

322 959 495 1011 Motus
520 977 663 1027 aquae
688 960 918 1011 turbatur
945 977 1005 1010 ex
1032 961 1273 1026 inaequali
1298 959 1570 1020 velocitate,
1600 956 1698 1025 qud
1723 974 1932 1024 corpora
1957 959 2092 1008 circa
2119 976 2260 1008 axem
2288 958 2460 1008 Terra:

1056 1059 1187 1102 motu
1212 1052 1393 1100 diurno
1420 1050 1723 1118 dfferuntur.

393 1207 604 1275 Quippe
638 1208 681 1258 si
718 1225 866 1277 aquae
891 1207 1052 1258 moles
1078 1206 1271 1259 feratur
1297 1217 1442 1270 aestu,
1483 1208 1565 1259 vel
1590 1207 1687 1259 alia
1713 1207 1778 1258 de
1805 1205 1974 1269 causa,
2014 1207 2080 1258 ad
2106 1208 2352 1276 majorem
2375 1207 2457 1257 vel

314 1295 572 1346 minorem
597 1296 661 1346 ab
688 1306 950 1364 aequatore
976 1295 1286 1358 distantiam,
1315 1296 1508 1347 incidet
1533 1296 1586 1346 in
1613 1314 1799 1365 aquam
1819 1294 2017 1346 diversa
2038 1295 2306 1346 velocitate
2323 1295 2458 1346 circa

318 1404 471 1436 axen.
511 1385 692 1436 Terrae
729 1386 917 1447 latam3
957 1385 1095 1435 unde
1133 1385 1270 1436 illius
1297 1395 1498 1436 motum
1523 1385 1722 1436 turbari
1746 1402 1954 1435 necesse
1981 1393 2072 1434 est.
2148 1383 2458 1435 Differentia

315 1476 651 1527 velocitatum
676 1476 863 1545 quibus
891 1494 1125 1544 corpora,
1155 1476 1379 1545 exempli
1404 1475 1586 1547 gratia,
1615 1476 1669 1526 in
1693 1475 1809 1526 loco
1838 1481 1960 1526 503¹.
1989 1474 2053 1525 ab
2074 1485 2334 1543 aequatore
2354 1474 2457 1525 dis-

316 1566 430 1629 sito,
460 1576 511 1617 et
537 1566 589 1615 ln
614 1566 729 1617 loco
771 1574 836 1618 36
875 1564 1075 1617 tantum
1099 1567 1337 1618 milliaria
1361 1567 1526 1638 magis
1554 1565 1730 1618 versus
1766 1567 2169 1635 septentrionem
2195 1577 2453 1635 vergente,

314 1657 479 1724 major
505 1666 582 1707 est
607 1654 761 1725 quam
787 1655 888 1724 qua
929 1662 958 1711 7
997 1657 1234 1708 milliaria
1268 1658 1482 1729 singulis
1508 1658 1649 1709 horis
1676 1658 2067 1720 describeretur,
2108 1667 2166 1709 ut
2188 1657 2324 1708 facili
2353 1657 2456 1707 cal-

316 1750 433 1801 culo
470 1750 683 1818 patebit.
763 1748 1002 1818 Cumque
1038 1760 1207 1801 motus
1244 1751 1400 1802 maris
1437 1760 1608 1802 tantus
1643 1767 2016 1819 nonnunquam
2050 1750 2115 1800 sit
2144 1759 2203 1800 ut
2232 1757 2386 1800 aestus
2423 1756 2454 1800 6

311 1838 564 1900 milliaria,
609 1838 688 1890 vel
726 1839 880 1889 etiam
915 1838 1067 1906 plura
1104 1840 1317 1911 singulis
1354 1840 1496 1892 horis
1522 1840 1795 1903 describat,
1836 1840 2046 1891 effectus
2072 1839 2160 1910 qui
2183 1839 2305 1890 hinc
2331 1838 2456 1890 oriri

314 1938 533 1996 possunt
557 1947 664 1979 non
691 1937 812 1979 sunt
836 1929 1217 1981 contemnendi.

388 2017 444 2068 Si
468 2036 603 2086 aqua
628 2016 887 2068 deferatur
913 2035 943 2067 a
966 2017 1182 2068 meridie
1209 2016 1385 2068 versus
1422 2019 1824 2087 septentrionem
1847 2028 1993 2069 motu
2028 2016 2257 2089 generali
2282 2015 2452 2080 aestfiS,

311 2105 392 2156 vel
433 2103 531 2155 alia
577 2104 756 2174 quavis
802 2104 867 2155 de
911 2103 1079 2167 causa,
1128 2124 1307 2157 cursus
1352 2125 1500 2176 aquae
1542 2106 1664 2157 hinc
1706 2107 1956 2175 paulatim
1999 2106 2234 2157 deflectet
2276 2104 2454 2157 versus

312 2196 581 2258 orientem,
597 2195 854 2265 quoniam
879 2214 1013 2264 aqua
1037 2193 1181 2263 prius
1207 2195 1465 2247 ferebatur
1489 2206 1635 2247 motu
1661 2195 1849 2247 diurno
1875 2194 2050 2247 versus
2076 2194 2211 2246 hanc
2246 2195 2454 2266 plagam

310 2286 494 2354 majori
530 2285 798 2337 velocitate
836 2283 993 2355 quam
1030 2295 1107 2337 est
1144 2304 1205 2336 ea
1242 2303 1357 2355 quae
1396 2286 1634 2337 convenit
1668 2286 1784 2337 loco
1822 2285 1986 2356 magis
2024 2283 2201 2335 versus
2240 2285 2453 2336 boream

311 2374 427 2425 sito.
507 2373 704 2425 Contra
743 2374 785 2424 si
823 2393 958 2443 aqua
994 2393 1024 2424 a
1062 2374 1411 2442 septentrione
1447 2373 1625 2425 versus
1663 2374 1932 2425 meridiem
1958 2373 2234 2435 deferatur,
2274 2392 2452 2426 cursus

316 2484 465 2534 aquae
504 2466 571 2516 ob
610 2465 829 2516 similem
856 2484 1062 2517 causam
1084 2465 1265 2517 ‘versus
1292 2466 1612 2518 occidentem
1639 2465 1889 2517 deflectet.
1967 2464 2139 2534 Atque
2163 2464 2286 2516 hinc
2312 2466 2453 2517 varia

310 2553 480 2605 motus
530 2555 685 2604 maris
732 2555 1078 2622 phaenomena
1127 2557 1252 2606 oriri
1309 2556 1643 2624 suspicamur.
1746 2556 1892 2607 Hinc
1941 2555 2170 2618 forsitan,
2225 2557 2451 2624 exempli

306 2647 498 2718 gratia,
527 2657 729 2699 montes
755 2647 996 2719 glaciales
1024 2667 1139 2718 quae
1167 2668 1233 2700 ex
1257 2649 1470 2701 Oceano
1500 2648 1707 2700 Boreali
1732 2646 2106 2718 digrediuntur,
2134 2645 2451 2715 frequentius

310 2738 701 2807 conspiciuntur
725 2740 780 2789 in
805 2740 1110 2790 occidentali
1138 2738 1291 2809 quam
1318 2740 1553 2791 orientali
1581 2738 1779 2790 Oceani
1805 2736 2053 2788 Atlantici
2077 2734 2246 2806 plaga.
2306 2736 2450 2799 Quin
2510 2786 2512 2789 ,

309 2843 359 2883 et
394 2835 613 2902 majores
652 2842 806 2884 aestus
845 2832 966 2884 hinc
1004 2833 1128 2883 cieri
1164 2851 1315 2901 posse
1352 2833 1406 2882 in
1442 2831 1678 2900 pluribus
1716 2829 1841 2880 locis
1866 2826 2020 2898 quam
2046 2827 2133 2897 qui
2161 2846 2226 2879 ex
2252 2827 2450 2878 calculo

306 2922 495 2973 virium
537 2922 670 2974 Solis
709 2932 760 2972 et
798 2921 966 2973 Lunae
1000 2922 1276 2990 prodeunt,
1304 2920 1478 2973 habita
1506 2920 1705 2972 ratione
1730 2917 2029 2980 latitudinis,
2057 2916 2330 2968 verisimile
2356 2926 2446 2968 est.

311 3011 548 3063 Eandem
589 3030 796 3063 causam
839 3012 905 3063 ad
948 3022 1129 3087 yentos
1171 3013 1458 3081 praesertim
1502 3011 1909 3063 vehementiores
1957 3007 2339 3078 propagandos,
2397 3018 2449 3059 et

307 3120 685 3171 nonnunquam
711 3102 974 3173 augendos
999 3103 1080 3154 vel
1105 3103 1430 3165 minuendos,
1472 3103 1670 3173 aliaque
1696 3113 1805 3153 tum
1830 3101 1960 3153 ae'ris
1986 3110 2096 3152 tum
2121 3099 2276 3151 maris
2301 3098 2447 3168 phae-

307 3210 530 3242 nomena
571 3193 914 3260 producenda
957 3193 1246 3246 conducere
1292 3194 1627 3264 suspicamur.
1722 3192 1826 3246 Sed
1866 3192 1981 3245 haec
2005 3210 2144 3245 nunc
2186 3190 2445 3263 sigillatim

308 3282 550 3351 prosequi
574 3301 680 3334 non
705 3283 840 3335 licet.
