2528 4172
574 284 887 338 FLUXUS
929 283 1026 336 AC
1072 282 1492 335 REFLUXUS
1534 279 1795 333 MARIS.
2146 283 2248 331 273

120 450 152 482 a
174 429 228 479 in
254 420 664 479 semi-diametris
690 424 890 487 Terrae,
918 432 1071 493 atque
1096 423 1150 473 in
1175 422 1384 473 minutis
1410 419 1649 473 secundis
1675 418 1796 470 dato
1823 427 2055 486 tempore
2078 417 2249 486 perio-

808 517 983 648 50643-
1001 515 1112 649 asu
1140 534 1190 607 αἱ
1218 563 1283 597 ex
1300 563 1403 614 quo
1421 542 1597 613 prodit
1616 511 1690 645 ἐξ
1717 561 1769 589 ²:
1798 511 2227 642 Qffitxtfflssffi

116 691 283 760 posita
319 690 515 743 unitate
552 686 669 740 cum
704 705 802 756 pro
837 685 1086 756 gravitate
1115 686 1355 750 naturali,
1395 684 1507 738 tum
1531 702 1627 754 pro
1651 681 1755 734 una
1783 680 1966 733 Terrae
1991 681 2249 733 semi-dia-

118 790 299 832 metro·
375 780 448 830 At
486 778 528 830 si
564 787 765 844 tempus
803 775 986 826 Terrae
1020 776 1341 843 periodicum
1374 795 1465 828 seu
1494 790 1659 827 annus
1685 772 1912 824 sidereus
1949 772 2004 823 in
2039 771 2250 823 minutis

119 551 235 603 dico
260 561 296 614 t,
319 551 415 603 erit
439 566 640 617 semper
664 557 685 598 t
720 567 771 594 =

2232 577 2246 602 2

120 872 357 953 secundis
377 908 683 968 exponatur,
706 895 796 948 fiet
815 907 836 947 t
856 907 914 944 =
945 903 1245 960 31558164,
1273 907 1426 967 atque
1446 866 1520 1000 ξιξ-ό
1546 916 1597 945 =
1624 900 1856 961 0,50723
1874 894 2064 963 pedum
2081 894 2248 963 posita

120 1044 522 1117 semi-diametro
549 1044 600 1096 T
602 1061 731 1095 errae
779 1059 873 1109 per
922 1041 1309 1093 observationes.
1348 1041 1695 1094 exactissimas
1735 1046 2014 1093 19695539
2057 1039 2250 1109 pedum

123 1134 284 1186 Paris.
306 1152 413 1204 reg.
440 1133 650 1183 omnino
676 1131 750 1182 uti
779 1128 897 1181 ante
923 1130 1227 1182 invenimus·

189 1231 227 1293 ᾗ.
256 1232 341 1276 41.
385 1225 549 1276 Simili
587 1224 743 1275 modo
781 1241 848 1275 ex
886 1222 1138 1291 superiori
1175 1221 1468 1292 aequatione
1506 1222 1727 1273 elevatio
1764 1240 1913 1292 aquae
1939 1240 1970 1272 a
1993 1220 2044 1271 vi
2082 1221 2251 1273 Lunae

117 1317 336 1369 oriunda
360 1315 782 1367 determinabitur
797 1333 811 1375 3
849 1312 1014 1381 posita
1042 1312 1179 1363 enim
1204 1313 1255 1363 vi
1282 1312 1449 1365 Lunae
1475 1311 1711 1364 absoluta
1748 1333 1799 1359 =
1837 1311 1902 1373 L,
1943 1310 2067 1379 poni
2094 1329 2250 1379 opor-

117 1418 191 1460 tet
231 1409 267 1459 S
305 1428 356 1454 =
394 1407 457 1469 L,
497 1407 707 1475 ejusque
744 1404 887 1455 valor
921 1402 1157 1471 proxime
1183 1402 1279 1454 erit
1312 1422 1364 1450 =
1397 1406 1479 1468 3¹5,
1523 1420 1676 1472 quem
1716 1421 1747 1452 a
1786 1400 2041 1452 Newtono
2078 1419 2253 1469 reper-

116 1506 228 1549 tum
264 1496 510 1564 tantisper
544 1495 893 1557 retinebimus,
933 1492 1103 1563 quoad
1127 1511 1277 1544 verus
1302 1493 1447 1544 valor
1479 1511 1575 1561 per
1600 1492 1701 1545 alia
1724 1492 2077 1561 phaenomena
2101 1511 2256 1544 accu-

120 1585 278 1639 ratius
318 1586 610 1639 definiatur.
688 1584 950 1647 Quoniam
988 1584 1161 1653 itaque
1199 1582 1369 1635 Lunae
1412 1602 1443 1634 a
1487 1583 1653 1635 Terra
1698 1581 1971 1634 mediocris
2015 1582 2256 1634 distantia

120 1718 198 1761 est
231 1729 282 1758 =
311 1711 411 1775 60}
443 1707 749 1760 semi-diam.
779 1706 977 1768 Terrae,
1006 1705 1104 1756 erit
1127 1674 1201 1785 ..S-3
1226 1726 1277 1754 =
1307 1705 1357 1758 L
1390 1715 1431 1758 ><
1467 1712 1625 1768 88‚94
1645 1703 1764 1774 ped.
1794 1724 1847 1752 =
1876 1712 2033 1769 2223
2062 1706 2256 1775 pedum

1128 1778 1159 1809 a

211 1853 248 1904 S

123 1894 263 1989 etg-4
297 1904 349 1932 τε
384 1882 432 1934 L
472 1894 514 1936 Χ
557 1887 676 1946 1‚47
706 1902 758 1930 =
787 1887 944 1944 0,037
970 1880 1177 1951 pedum.
1257 1879 1393 1934 Cum
1418 1877 1591 1933 autem
1617 1882 1786 1935 Lunae
1807 1883 2166 1935 excentricitas
2194 1885 2258 1936 sit

1594 2026 1632 2077 S

126 2058 269 2131 quasi
294 2058 386 2124 ῑῧῗ)
397 2057 489 2123 3353
533 2057 628 2109 erit
656 2056 780 2108 dum
806 2056 959 2109 Luna
983 2056 1037 2108 in
1060 2056 1289 2127 perigaeo
1316 2066 1548 2109 versatur
1572 2099 1647 2162 {53
1674 2077 1726 2106 =
1758 2058 1806 2110 L
1841 2069 1882 2111 Χ
1920 2066 2112 2122 104,44
2138 2059 2258 2128 ped.

135 2239 349 2298 :2611
371 2232 563 2303 pedum
580 2201 725 2337 &gs-4
759 2253 810 2282 =
846 2232 894 2285 L
935 2243 977 2286 Χ
1025 2239 1144 2295 1‚82
1175 2253 1223 2279 =
1261 2239 1438 2296 0,045.
1464 2232 1675 2302 pedum.
1752 2233 1825 2285 At
1851 2233 1895 2284 si
1930 2233 2084 2286 Luna
2109 2234 2264 2287 fuerit

125 2410 179 2460 in
196 2425 426 2479 apogaeO,
445 2375 763 2510 9ιόᾱὶὺὶῖὶἷὸ-3
782 2427 832 2455 =
854 2406 902 2458 L
936 2417 977 2460 Χ
1010 2411 1165 2469 75‚74
1185 2407 1304 2476 ped.
1335 2428 1385 2454 z
1422 2414 1575 2470 1,893
1592 2404 1787 2476 pedum
1803 2379 1935 2512 eta}⁷²
1953 2430 1996 2451 -ε
2019 2409 2119 2461 L><
2141 2414 2260 2472 1,19

137 2571 188 2600 =
216 2556 376 2613 0,030
412 2548 620 2617 pedum.
698 2548 784 2600 Ex
817 2549 899 2613 his
935 2550 1095 2621 igitur
1114 2550 1157 2602 si
1185 2550 1337 2601 Luna
1363 2569 1394 2601 a
1421 2550 1587 2602 Terra
1613 2551 1943 2604 mediocriter
1967 2552 2138 2616 distet,
2167 2552 2266 2604 erit

128 2659 274 2711 aquae
295 2641 509 2692 elevatio
528 2640 578 2691 A
595 2659 626 2691 a
651 2660 701 2686 =
728 2640 776 2692 L
808 2651 850 2694 Χ
881 2648 1031 2703 90,4-1
1058 2640 1252 2709 pedum
1280 2662 1330 2688 =
1358 2648 1517 2703 2,260
1537 2641 1731 2709 pedum
1751 2642 1967 2694 elevatio
1983 2653 2153 2694 autem
2173 2641 2263 2694 Bb

137 2752 189 2779 =
215 2731 263 2783 L
295 2742 336 2784 Χ
367 2736 523 2793 87,4‹7
549 2730 742 2798 pedum
766 2751 817 2777 =
842 2737 1001 2793 2,187
1028 2731 1252 2800 pedum:
1288 2749 1349 2782 ac
1375 2730 1650 2799 depressio
1675 2731 1741 2781 ad
1769 2731 1929 2783 latera
1953 2732 2008 2784 D
2025 2732 2058 2782 d
2089 2753 2140 2779 =
2171 2731 2217 2783 E
2235 2750 2264 2782 e

138 2838 191 2866 =
219 2818 267 2870 L
298 2829 339 2871 Χ
369 2823 527 2880 44,47
552 2817 746 2886 pedum
770 2838 822 2865 =
852 2825 1004 2881 1,112
1033 2818 1242 2886 pedum.
1320 2818 1426 2870 Pro
1450 2819 1679 2888 perigaeo
1704 2818 1827 2869 vero
1854 2819 2023 2871 Lunae
2049 2820 2139 2871 fiet
2165 2821 2263 2872 Aa

141 2926 193 2954 =
220 2906 269 2958 L
303 2917 345 2959 Χ
384 2912 572 2968 106,26
593 2906 787 2974 pedum
805 2925 856 2953 =
879 2912 929 2969 2,
952 2913 1054 2959 656
1071 2906 1287 2975 pedum3
1310 2906 1407 2958 Bb
1433 2926 1484 2954 =
1513 2906 1576 2957 L.
1601 2912 1791 2969 102,62
1807 2907 2001 2976 pedum
2027 2928 2078 2955 =
2104 2915 2261 2971 2,.565

130 2996 354 3065 pedum3
393 3006 545 3065 atque
583 2996 638 3048 D
664 2995 699 3046 d
729 3026 785 3044 =
821 2996 868 3047 E
894 3015 923 3047 e
952 3025 1008 3043 =
1044 2996 1108 3048 L.
1162 3002 1318 3060 52,22
1351 3025 1407 3044 =
1448 3000 1603 3059 1‚305
1628 2997 1837 3065 pedum.
1915 2999 2021 3051 Pro
2045 3017 2263 3070 apogaeo

133 3086 355 3156 denique
382 3087 548 3138 Lunae
572 3086 845 3139 habebitur
873 3088 969 3139 Aa
1001 3114 1057 3133 =
1089 3088 1152 3139 L.
1182 3093 1337 3150 76,93
1364 3088 1557 3157 pedum
1581 3118 1637 3137 =
1669 3096 1824 3152 1,923
1851 3091 2059 3159 pedum,
2088 3102 2139 3143 et
2167 3091 2263 3143 Bb

143 3196 195 3223 =
220 3175 284 3228 L.
313 3182 468 3239 74,55
494 3176 687 3245 pedum
711 3203 768 3224 =
800 3183 952 3240 1,864
973 3176 1182 3245 pedum,
1210 3187 1362 3248 atque
1389 3177 1496 3229 Dd
1518 3204 1575 3226 =
1604 3179 1696 3231 Ee
1720 3203 1777 3226 =
1795 3179 1858 3231 L.
1888 3184 2044 3244 37,87
2070 3180 2264 3250 pedum

133 3290 190 3312 =
209 3271 365 3329 0,947
393 3266 599 3334 pedum.

206 3362 245 3424 ᾗ.
273 3364 356 3409 42.
397 3357 630 3409 Tametsi
665 3366 835 3409 autem
872 3357 972 3409 hac
1007 3356 1254 3409 methodo
1290 3375 1398 3409 non
1434 3357 1723 3433 difficulter*
1738 3369 1844 3412 tam
1869 3360 2085 3413 elevatio
2108 3364 2264 3417 maris

138 3445 289 3518 quam
326 3448 588 3516 depressio
620 3466 736 3517 quae
768 3449 849 3501 vel
885 3468 915 3500 a
953 3449 1072 3502 Sole
1107 3448 1187 3501 vel
1225 3448 1377 3500 Luna
1403 3469 1635 3502 seorsum
1659 3452 1904 3523 gignitur,
1933 3455 1998 3507 sit
2022 3455 2263 3509 determi-

140 3533 277 3600 nata,
306 3538 348 3589 si
374 3537 581 3607 quidem
606 3537 780 3588 omnia
803 3538 871 3589 ad
904 3549 1092 3591 statum
1117 3538 1299 3608 quietis
1324 3539 1532 3592 redacta
1561 3541 1914 3610 concipiantur
1928 3563 1942 3605 3
1979 3554 2153 3598 tamen
2184 3536 2264 3598 niss-

140 3627 299 3679 mium
335 3628 486 3679 foret·
502 3628 707 3679 difficile
746 3629 973 3698 ejusdem
1008 3628 1240 3681 methodi
1277 3647 1375 3697 ope
1399 3630 1603 3682 easdem
1629 3650 1710 3683 res
1736 3632 1967 3698 definire,
2012 3636 2054 3687 si
2094 3637 2179 3688 Sol
2213 3645 2265 3687 et

143 3717 296 3769 Luna
320 3718 628 3786 conjunctim
650 3728 820 3788 agant.
897 3719 1422 3780 Quamobremaliam
1441 3720 1743 3773 methodum
1764 3742 2097 3795 exponamus,
2120 3728 2263 3796 cujus

145 3825 265 3859 usus
290 3826 386 3875 pro
412 3817 633 3877 utroque
660 3827 779 3859 casu
806 3807 954 3878 aeque
980 3818 1151 3876 pateat
1166 3828 1178 3869 ;
1206 3826 1322 3878 quae
1348 3807 1465 3861 cum
1490 3830 1521 3861 a
1544 3811 1703 3879 priori
1728 3813 1932 3881 penitus
1959 3816 2023 3866 sit
2047 3815 2261 3879 diversa,

1160 3896 1199 3933 U
1219 3901 1242 3934 3
