2528 4172
246 261 349 308 324
663 233 1108 314 INQUISITIO
1146 249 1489 304 PHYSICA
1529 253 1615 303 IN
1654 249 1978 304 CAUSAM

242 418 384 453 mare
403 400 512 468 jam
537 396 805 465 deprimit3
845 414 962 465 quae
988 394 1262 446 diminutio
1288 393 1408 446 cum
1438 394 1590 446 duret
1617 393 1724 446 fere
1750 413 1914 464 usque
1940 394 2008 445 ad
2033 394 2385 463 quadraturas,

244 509 454 543 necesse
497 497 673 540 estut
712 485 794 537 his
836 486 1156 555 temporibus
1198 487 1372 537 fluxus
1415 485 1582 537 multo
1627 485 1776 538 citius
1812 496 1932 555 post
1970 485 2390 537 culminationem

247 580 414 631 Lunae
451 585 747 646 sequantur,
789 575 1086 646 viribusque
1121 575 1511 627 sollicitantibus
1546 576 1712 646 magis
1753 576 2127 644 obtemperent,
2173 576 2251 627 uti
2287 576 2390 627 hoc

245 669 404 722 fusius
431 674 468 736 ᾗ.
497 675 582 720 91.
622 666 1007 735 explicavimus,
1047 666 1187 717 unde
1223 677 1427 735 tempus
1453 667 1811 719 retardationis
1844 668 1900 719 in
1926 668 2251 738 quadraturis
2277 679 2389 719 tan-

245 772 356 812 tum
380 758 477 810 erit
502 767 523 808 t
547 788 618 796 —
643 762 678 807 0.
755 755 884 806 Post
908 754 1249 825 quadraturas
1283 765 1456 807 autem
1484 757 1765 808 Sol‘exerit
1791 757 2107 809 contrarium
2132 757 2387 820 effectum,

246 862 398 919 atque
424 850 702 901 adventum
726 845 900 898 fluxus
926 845 1173 898 continuo
1199 847 1364 915 magis
1391 846 1636 910 retardat,
1675 848 1833 918 idque
1857 848 2045 918 aequali
2069 847 2244 910 modo,
2285 866 2391 917 quo

248 940 365 992 ante
409 939 797 1000 acceleraverat,
845 955 910 988 ex
953 955 1057 1007 quo
1099 955 1265 1006 usque
1307 936 1375 987 ad
1419 946 1720 1007 sequentem
1758 937 2019 1008 syzygiam
2062 937 2390 988 intervallum

248 1042 269 1083 t
294 1060 363 1069 —-
391 1035 410 1079 θ
446 1030 633 1080 iterum
672 1027 739 1079 ad
763 1037 785 1078 t
809 1046 972 1098 usque
998 1027 1288 1098 augebitur.
1366 1026 1647 1098 Hujusque
1671 1027 2004 1096 phaenomeni
2042 1028 2199 1081 solius
2226 1029 2390 1096 expli-

248 1121 380 1173 catio
425 1120 656 1172 sufficere
693 1128 869 1188 posset
906 1118 972 1169 ad
997 1118 1264 1169 veritatem
1301 1117 1517 1170 theoriae
1554 1128 1748 1170 nostrae
1786 1118 2138 1182 evincendam,
2179 1117 2298 1170 cum
2336 1119 2392 1170 id

247 1212 485 1262 omnibus
524 1211 634 1261 aliis
674 1209 884 1261 theoriis
923 1208 1186 1278 explicatu
1212 1209 1277 1260 sit
1313 1210 1695 1278 insuperabile3
1737 1228 1907 1280 neque
1932 1229 1963 1261 a
1986 1210 2193 1261 nemine
2219 1210 2390 1262 adhuc

248 1302 426 1353 saltem
453 1300 734 1369 probabilis
763 1301 870 1368 ejus
898 1318 1053 1351 causa
1081 1300 1146 1350 sit
1171 1299 1446 1370 assignata.

319 1396 354 1457 §-
406 1396 524 1445 107.
590 1388 849 1441 Octavum
911 1389 1297 1458 phaenomenon
1357 1399 1594 1458 petamus
1645 1408 1714 1442 ex
1770 1391 2120 1461 inaequalitate
2168 1391 2392 1443 duorum

244 1480 481 1531 fluxuum
533 1498 643 1530 sese
692 1478 986 1530 immediate
1035 1479 1435 1549 insequentium,
1482 1497 1706 1549 quorum
1753 1479 1883 1531 alter
1932 1480 2171 1531 transitui
2219 1480 2389 1532 Lunae

246 1571 499 1639 superiori
548 1589 643 1639 per
692 1570 1036 1622 meridianum
1085 1571 1382 1639 respondet,
1429 1571 1557 1623 alter
1605 1570 1852 1636 inferiori,
1906 1591 2023 1643 quae
2071 1573 2392 1643 inaequalitas

244 1659 469 1711 maxime
509 1661 810 1711 observatur
846 1661 901 1711 in
937 1661 1235 1731 regionibus
1272 1662 1337 1713 ab
1374 1672 1637 1731 aequatore
1673 1661 1895 1714 multum
1928 1663 2156 1726 remotis,
2196 1682 2256 1714 ac
2282 1673 2393 1715 tum

247 1748 366 1800 cum
412 1748 581 1800 Lunae
625 1748 901 1801 declinatio
943 1761 1022 1801 est
1059 1751 1302 1802 maxima.
1350 1750 1610 1814 >Theoria
1652 1751 1862 1821 quidem
1902 1751 2131 1803 declarat
2168 1752 2392 1816 Lunam,

245 1842 445 1895 etiamsi
488 1843 539 1893 in
585 1843 700 1912 ipso
744 1852 1009 1913 aequatore
1049 1854 1295 1907 versetur,
1342 1853 1516 1895 tamen
1554 1844 1739 1913 majori
1781 1843 1832 1896 vi
1875 1843 2105 1914 gaudere
2145 1843 2212 1895 ad
2251 1863 2395 1896 mare

244 1932 577 1995 movendum,
623 1933 833 2003 quando
878 1952 1034 2002 super
1082 1932 1354 1985 horizonte
1395 1932 1741 1985 meridianum
1784 1932 2006 2004 attingit,
2061 1930 2216 2002 quam
2262 1932 2397 1983 infra

246 2022 598 2085 horizontem3
638 2031 691 2072 at
716 2022 994 2074 discrimen
1021 2022 1116 2074 sub
1145 2032 1409 2093 aequatore
1431 2033 1538 2075 tam
1563 2032 1641 2075 est
1659 2012 1921 2094 exiguum,
1943 2033 2001 2074 ut
2024 2023 2113 2074 vix
2136 2023 2191 2073 in
2217 2042 2396 2075 sensus

248 2134 521 2167 occurrere
558 2125 727 2186 queat,
767 2116 1030 2187 integrum
1067 2116 1206 2168 enim
1243 2116 1466 2187 digitum
1501 2135 1610 2167 non
1648 2115 1853 2186 attingit
1891 2119 1950 2184 (ᾧ.
1978 2115 2125 2181 41.);
2164 2125 2317 2185 atque
2342 2115 2398 2165 in

244 2206 546 2277 regionibus
573 2206 638 2257 ab
665 2216 929 2276 aequatore
952 2206 1165 2258 remotis
1192 2207 1254 2258 fit
1278 2205 1445 2258 multo
1464 2207 1652 2258 minUS.
1729 2205 1869 2257 Vera
1893 2204 2051 2276 igitur
2073 2204 2228 2273 hujus
2252 2204 2398 2273 phae-

244 2298 456 2348 nomeni
498 2297 629 2349 ratio
670 2297 726 2347 in
767 2297 1038 2349 altitudine
1077 2297 1247 2349 Lunae
1285 2296 1572 2349 meridiana
1611 2315 1701 2348 seu
1742 2295 1984 2347 distantia
2023 2295 2089 2346 ab
2124 2294 2396 2346 horizonte

253 2388 580 2449 continetur,
617 2387 739 2439 hinc
778 2388 915 2439 enim
953 2388 1186 2458 sequitur
1223 2393 1329 2458 quo
1366 2390 1531 2457 major
1555 2387 1711 2454 fuerit
1735 2385 2022 2438 differentia
2048 2386 2182 2437 inter
2205 2385 2398 2436 distan-

245 2480 339 2530 tias
368 2479 535 2529 Lunae
562 2479 626 2530 ab
652 2478 938 2542 horizonte,
968 2480 1095 2531 dum
1120 2498 1216 2548 per
1239 2478 1584 2530 meridianum
1610 2478 1795 2530 transit
1818 2487 1930 2528 tum
1950 2495 2105 2546 super
2128 2476 2397 2528 horizonte

247 2578 356 2619 tum
384 2568 479 2619 sub
504 2568 791 2630 horizonte,
813 2566 876 2618 eo
901 2569 1153 2636 majorem
1180 2586 1290 2619 esse
1316 2567 1505 2619 debere
1532 2566 1873 2617 differentiam
1898 2565 2033 2616 inter
2056 2565 2206 2615 binos
2224 2566 2397 2615 fluxus

249 2658 580 2721 successivos,
624 2677 689 2709 ex
727 2676 831 2727 quo
867 2658 1202 2726 perspicuum
1229 2667 1306 2709 est
1341 2657 1492 2708 istam
1518 2655 1861 2707 differentiam
1884 2653 2063 2707 versus
2098 2655 2247 2724 polos
2274 2672 2397 2705 con-

247 2746 392 2799 tinuo
420 2766 649 2799 crescere
675 2747 882 2810 debere,
922 2747 966 2799 si
1003 2746 1214 2817 quidem
1253 2747 1408 2799 Luna
1442 2745 1632 2797 habeat
1668 2744 2079 2796 declinationem.
2157 2741 2317 2804 Quod
2354 2742 2398 2793 si

249 2854 372 2906 ergo
400 2837 553 2888 Luna
589 2836 831 2888 habuerit
855 2836 1259 2888 declinationem
1295 2835 1576 2899 borealem,
1616 2845 1729 2886 tum
1764 2835 1819 2885 in
1856 2835 2153 2905 regionibus
2191 2843 2396 2903 septen-

247 2925 552 2976 trionalibus
577 2925 753 2976 fluxus
780 2926 878 2977 erit
903 2926 1070 2995 major
1096 2926 1185 2996 qui
1210 2926 1481 2977 transitum
1519 2925 1689 2977 Lunae
1712 2942 1807 2993 per
1830 2923 2171 2975 meridianum
2198 2923 2396 2991 superi-

248 3032 392 3064 orem
419 3015 665 3084 sequitur,
695 3016 826 3067 alter
850 3015 975 3067 vero
1003 3034 1240 3086 sequens,
1264 3017 1353 3086 qui
1378 3016 1616 3068 transitui
1640 3015 1870 3067 inferiori
1895 3014 2187 3084 respondet,
2209 3014 2393 3066 minor.

252 3106 449 3159 Contra
489 3119 662 3159 autem
686 3109 750 3160 ‘si
795 3109 965 3160 Lunae
1006 3109 1285 3161 declinatio
1327 3109 1482 3161 suerit
1524 3109 1777 3171 australis,
1830 3107 2070 3177 appulsui
2112 3107 2281 3159 Lunae
2328 3107 2395 3158 ad

248 3197 591 3248 meridianum
619 3199 874 3267 superiori
910 3200 1083 3250 fluxus
1111 3198 1354 3251 succedet
1377 3199 1563 3262 minor,
1604 3197 1833 3248 inferiori
1855 3193 1979 3248 vero
2004 3196 2196 3265 major3
2234 3195 2394 3246 hanc-

250 3303 350 3353 que
376 3286 719 3338 differentiam
743 3287 1090 3340 Flamstedius
1117 3288 1410 3340 observavit
1434 3288 1724 3358 diligenter,
1745 3285 2047 3355 nullumque
2067 3296 2144 3337 est
2162 3285 2392 3347 dubium,

251 3373 376 3440 quin
427 3393 488 3425 ea
534 3394 630 3444 per
682 3377 1058 3446 copiosissimas
1108 3378 1509 3440 observationeS,
1556 3395 1682 3446 quas
1733 3375 2017 3427 Academia
2066 3374 2397 3425 celeberrima

252 3461 422 3530 Regia
467 3463 702 3516 Parisina
746 3467 971 3538 collegit,
1019 3467 1234 3518 omnino
1280 3467 1633 3519 confirmetur.
1720 3465 1785 3517 In
1827 3466 1930 3517 hoc
1972 3476 2145 3516 autem
2187 3463 2397 3534 negotio

248 3554 452 3607 indoles
488 3557 725 3609 fluxuum
760 3559 927 3628 probe
969 3570 1048 3612 est
1086 3559 1426 3628 inspicienda,
1471 3560 1716 3630 quoniam
1755 3558 2011 3628 aliquibus
2051 3558 2107 3608 in
2145 3555 2397 3625 portubus

251 3654 524 3712 tantopere
560 3649 904 3713 retardantur,
945 3661 1003 3702 ut
1041 3651 1372 3720 sequentibus
1413 3651 1580 3702 Lunae
1612 3649 1911 3702 transitibus
1936 3667 2031 3718 per
2055 3647 2398 3699 meridianum

253 3736 355 3786 sint
396 3737 683 3804 propiores,
727 3739 881 3807 quam
924 3741 1015 3803 illi,
1064 3742 1148 3793 cui
1192 3760 1339 3793 suam
1377 3741 1633 3812 originem
1676 3741 1893 3801 debent3
1947 3741 2019 3791 ita
2056 3738 2399 3806 Dunkerquae

251 3827 388 3878 cirea
415 3828 648 3899 syzygias
675 3828 849 3880 fluxus
878 3830 1082 3883 circiter
1106 3831 1322 3883 meridie
1360 3831 1621 3883 observari
1656 3830 1799 3894 solet,
1840 3848 2008 3899 neque
2033 3827 2155 3880 vero
2192 3827 2265 3877 illi
2300 3825 2400 3892 ipsi
