2528 4172
579 246 893 300 FLUXUS
935 246 1035 298 Ac
1080 215 1501 298 REFLUXUS
1542 245 1802 297 MARIS.
2154 254 2252 298 333

124 387 293 450 etiam,
321 397 380 439 ut
404 407 536 460 aqua
560 388 662 440 alio
688 390 743 440 in
766 389 884 441 loco
909 398 1110 440 tantum
1136 389 1379 450 elevetur,
1405 389 1562 458 inque
1580 389 1681 439 alio
1701 398 1897 439 tantum
1919 386 2253 455 deprimatur,

131 486 379 545 quantum
416 478 578 539 fieret,
619 477 662 528 si
698 477 792 528 iste
828 486 1019 527 tractus
1057 477 1269 526 omnino
1305 494 1412 527 non
1438 488 1571 527 esset
1595 477 1909 527 terminatus.
1987 475 2060 527 At
2085 476 2126 526 si
2161 475 2257 526 iste

124 573 318 616 tractus
356 575 462 616 tam
499 564 652 616 fuerit
688 582 876 633 parvus
902 574 960 615 ut
984 564 1199 634 singulae
1236 575 1408 633 partes
1433 565 1717 633 aequalibus
1744 564 1849 615 fere
1874 564 2067 615 viribus
2105 563 2259 614 simul

123 655 205 722 vel
248 655 545 707 attollantur
587 656 669 707 vel
711 655 1082 723 deprimantur,
1125 654 1267 705 nulla
1316 655 1569 706 sensibilis
1613 655 1830 705 mutatio
1879 654 2003 704 oriri
2051 653 2255 721 poterit.

122 742 277 811 Aqua
313 743 448 794 enim
487 762 593 794 uno
628 744 682 794 in
718 726 835 810 loco
873 742 1036 793 attolli
1071 743 1250 812 nequit
1285 743 1385 793 nisi
1420 744 1474 793 in
1510 743 1610 794 alio
1647 742 1878 794 subsidat
1901 752 1954 794 et
1980 740 2175 804 contra,
2215 742 2259 794 si

122 829 329 899 quidem
372 831 553 882 eadem
595 848 742 900 aquae
785 830 934 898 copia
975 831 1029 880 in
1071 849 1132 881 eo
1171 841 1338 881 tractu
1372 829 1624 898 perpetuo
1660 841 2006 881 conservetur.
2083 832 2258 900 Atque

121 917 236 968 haec
261 928 338 969 est
363 918 495 969 ratio
520 929 578 968 ut
601 918 656 968 in
683 917 827 969 Mari
856 917 1072 980 Baltico,
1105 917 1311 985 Casplo,
1344 917 1528 987 Nigro,
1568 917 1781 986 aliisque
1806 916 2091 968 minoribus
2116 918 2258 970 lacu-

119 1006 218 1058 bus
244 1006 415 1057 nullus
441 1007 652 1057 omnino
678 1016 832 1057 aestus
859 1005 1290 1074 deprehendatur.

189 1100 226 1163 ᾗ.
258 1104 376 1149 119.
418 1094 579 1157 Qubd
616 1096 659 1147 si
697 1106 867 1148 autem
904 1096 1194 1148 istiusmodi
1230 1097 1386 1147 maris
1413 1107 1605 1148 tractus
1632 1105 1833 1147 tantum
1859 1097 2080 1163 spatium
2106 1114 2259 1147 occu—

116 1196 222 1255 pet,
250 1196 307 1236 ut
329 1185 463 1236 vires
491 1184 779 1237 attollentes
807 1195 858 1236 et
882 1185 1229 1253 deprimentes
1259 1185 1312 1234 in
1340 1185 1747 1235 extremitatibus
1775 1184 2088 1235 sensibiliter
2113 1185 2261 1237 diffe-

119 1284 251 1336 rant,
291 1283 404 1324 tum
440 1292 649 1325 necesse
688 1284 765 1325 est
800 1284 858 1325 ut
894 1292 1000 1325 non
1039 1274 1205 1325 solum
1241 1292 1376 1342 aqua
1411 1274 1465 1324 in
1491 1273 1653 1324 altero
1680 1284 1915 1324 extremo
1942 1274 2169 1326 elevetur
2206 1276 2262 1326 in

119 1364 383 1433 alteroque
411 1365 746 1432 deprimatur,
776 1363 867 1416 sed
894 1366 1049 1416 etiam
1075 1377 1132 1416 ut
1159 1346 1447 1416 differentia
1471 1365 1605 1416 inter
1630 1384 1778 1435 aquae
1805 1366 2100 1417 altitudines
2120 1377 2263 1418 tanta

118 1454 197 1514 sit,
227 1462 418 1522 quanta
442 1453 498 1503 in
523 1462 703 1521 aperto
729 1469 923 1504 oceano
949 1453 1116 1504 eidem
1141 1453 1328 1504 virium
1351 1452 1654 1505 differentiae
1675 1455 1971 1522 respondet.
2027 1455 2261 1516 Quamo-

115 1544 264 1595 brem
302 1544 508 1595 definiri
552 1545 837 1607 conveniet,
879 1555 1070 1614 quanta
1106 1545 1161 1594 in
1197 1543 1411 1595 diversis
1446 1544 1628 1595 Terrae
1666 1544 1790 1595 locis
1817 1545 2000 1596 eodem
2027 1556 2262 1614 tempore

116 1633 171 1683 in
196 1632 550 1683 altitudinibus
576 1651 724 1702 aquae
749 1652 780 1683 a
805 1632 997 1683 viribus
1019 1632 1187 1683 Lunae
1213 1651 1273 1683 ac
1303 1631 1435 1683 Solis
1472 1632 1691 1700 produci
1719 1644 1888 1701 queat.
1966 1634 2049 1685 Ne
2086 1645 2261 1686 autem

117 1721 343 1772 calculus
380 1721 597 1771 nimium
634 1720 725 1772 fiat
761 1721 1013 1789 prolixus,
1055 1720 1218 1771 solam
1254 1720 1421 1771 Lunae
1446 1720 1551 1769 vim
1584 1721 1637 1770 in
1664 1732 1969 1788 computum
1993 1722 2257 1786 ducemus,

117 1813 309 1883 quippe
336 1830 454 1881 quae
479 1812 584 1862 vim
613 1812 746 1863 Solis
772 1811 992 1862 multum
1018 1811 1251 1872 excedit3
1298 1822 1349 1862 et
1375 1812 1620 1879 quoniam
1645 1810 1831 1861 effectu
1860 1811 2029 1862 Lunae
2056 1815 2263 1883 cognito

117 1903 268 1955 facile
293 1913 370 1954 est
399 1903 532 1955 Solis
559 1902 797 1953 effectum
821 1903 1126 1954 aestimando
1153 1903 1234 1954 vel
1260 1903 1481 1971 adjicere
1508 1903 1588 1954 vel
1614 1902 1830 1954 auferre.
1904 1904 2263 1973 Repraesentet

115 1988 250 2065 ergo⁰
274 1995 318 2046 P
339 1995 386 2045 L
412 1995 485 2062 pl
511 1994 836 2062 superficiem
862 1994 1045 2045 Terrae
1071 1996 1214 2063 cujus
1239 1994 1347 2062 poli
2200 1976 2201 1979 Ἴ

118 2087 221 2137 sint
262 2086 307 2138 P
333 2096 384 2137 et
421 2105 473 2154 p,
518 2096 671 2156 atque
714 2085 777 2137 M
804 2095 853 2137 et
887 2085 940 2136 N
977 2085 1077 2135 sint
1104 2085 1208 2136 duo
1246 2096 1346 2136 ter-

117 2176 245 2226 mini
287 2176 341 2227 in
386 2176 569 2227 eodem
611 2176 766 2227 maris
810 2185 976 2227 tractu
1014 2176 1240 2237 assumti,
1292 2176 1347 2226 in

119 2267 309 2337 quibus
360 2277 612 2337 quantum
670 2266 826 2318 maris
886 2265 1104 2317 altitudo
1166 2267 1346 2335 quovis

117 2367 351 2426 tempore
379 2357 599 2420 differat,
640 2358 705 2409 sit
733 2357 1162 2427 investigandum.
1242 2358 1346 2408 Re-

121 2458 402 2518 praesentet
443 2467 603 2517 porro
648 2448 694 2499 L
727 2448 745 2497 l
784 2447 1104 2515 parallelum,
1150 2447 1201 2497 in
1246 2465 1351 2516 quo

122 2535 276 2586 Luna
299 2545 566 2586 moveatur
591 2534 691 2585 hoc
717 2544 963 2602 tempore,
1006 2534 1170 2603 sitque
1197 2533 1350 2585 Luna

121 2624 175 2674 in
220 2624 299 2686 L3
357 2633 510 2693 atque
554 2623 809 2692 exprimet
851 2622 1071 2693 angulus
1119 2621 1166 2672 L
1206 2622 1251 2674 P
1287 2622 1353 2675 M

120 2723 339 2780 tempuS,
385 2712 526 2781 quod
569 2723 689 2779 post
729 2712 897 2762 Lunae
940 2711 1215 2762 transitum
1257 2730 1351 2779 per

123 2799 462 2852 meridianum
486 2800 693 2853 termini
721 2800 785 2851 M
819 2810 896 2851 est
929 2801 1343 2869 praeterlapsum,

119 2890 340 2961 angulus
378 2889 503 2941 vero
542 2890 590 2941 L
619 2889 663 2941 P
689 2888 744 2940 N
779 2899 980 2957 tempus
1018 2900 1136 2958 post
1168 2891 1352 2942 transi-

120 2991 229 3033 tum
269 2980 436 3032 Lunae
472 2999 566 3049 per
601 2981 942 3032 meridianum
980 2980 1188 3032 alterius
1225 2982 1433 3033 termini
1472 2983 1539 3033 N.
1615 2982 1809 3037 Ductis
1855 2995 2028 3036 autem
2058 2983 2264 3035 circulis

123 3070 357 3122 maximis
385 3070 430 3122 P
459 3069 524 3122 M
550 3081 601 3122 et
631 3070 674 3121 P
701 3071 770 3133 N,
800 3071 898 3122 erit
921 3087 1070 3121 arcus
1100 3070 1144 3122 P
1178 3070 1243 3122 M
1268 3071 1704 3140 complementum
1727 3073 2013 3125 latitudinis
2038 3073 2144 3125 loci
2179 3072 2261 3134 M,

122 3177 272 3210 arcus
300 3159 343 3211 P
370 3159 424 3210 N
448 3158 571 3211 vero
609 3159 710 3211 loci
751 3159 818 3221 N,
858 3159 1077 3229 angulus
1104 3158 1227 3210 vero
1255 3158 1320 3213 M
1348 3160 1392 3211 P
1421 3160 1475 3211 N
1500 3160 1644 3213 dabit
1670 3161 2013 3213 differentiam
2038 3160 2264 3231 longitu-

122 3244 255 3298 dinis
279 3247 515 3299 locorum
541 3246 606 3298 M
632 3260 682 3298 et
710 3246 793 3308 N;
833 3265 948 3316 quae
972 3247 1192 3315 proinde
1218 3236 1391 3299 omnia
1415 3239 1681 3317 ponuntur
1706 3250 1931 3320 cognita.

193 3342 232 3403 ᾗ.
264 3343 381 3389 120.
421 3337 697 3389 Ducantur
727 3339 835 3406 jam
875 3356 940 3388 ex
977 3337 1093 3388 loco
1132 3338 1300 3389 Lunae
1338 3339 1386 3390 L
1424 3339 1490 3390 ad
1529 3340 1776 3390 terminos
1818 3339 1883 3390 M
1918 3349 1974 3390 et
2010 3338 2063 3389 N
2089 3338 2265 3389 circuli

123 3426 338 3477 maximi
365 3427 412 3478 L
442 3426 507 3478 M
532 3438 584 3478 et
610 3427 657 3478 L
680 3428 748 3489 N,
778 3426 1201 3497 exhibebuntque
1226 3428 1310 3478 isti
1340 3446 1488 3478 arcus
1515 3428 1893 3495 complementa
1918 3426 2262 3489 altitudinum,

125 3515 308 3584 quibus
336 3515 436 3567 hoc
461 3525 698 3584 ternpore
725 3517 878 3568 Luna
902 3518 955 3567 in
980 3517 1105 3568 locis
1135 3517 1199 3568 M
1227 3530 1277 3568 et
1306 3517 1357 3568 N
1388 3537 1543 3587 supra
1569 3518 1892 3570 horizontem
1921 3519 2116 3569 elevata
2141 3537 2265 3570 con-

126 3604 353 3672 spicitur.
433 3604 664 3656 Ponatur
703 3606 852 3657 arcus
893 3607 938 3657 P
965 3606 1012 3657 L
1052 3607 1192 3657 sinus
1240 3628 1291 3654 =
1337 3627 1385 3677 q,
1428 3608 1630 3659 cosinus
1679 3629 1731 3655 =
1781 3608 1851 3671 Q,
1898 3609 1995 3661 erit
2031 3609 2085 3670 Q
2123 3610 2263 3660 sinus

127 3694 481 3746 declinationis
517 3694 738 3746 borealis
779 3696 960 3759 Lunae,
979 3710 982 3723 '
1001 3697 1046 3748 si
1084 3697 1292 3767 quidem
1330 3698 1383 3759 Q
1419 3698 1607 3752 habeat
1633 3699 1859 3751 valorem
1887 3700 2262 3761 affirmativum,

128 3801 188 3836 ac
229 3783 271 3835 P
306 3784 485 3851 polum
525 3785 785 3836 borealem
823 3786 1047 3838 denotet.
1123 3787 1334 3840 Deinde
1360 3799 1585 3856 ponatur
1610 3789 1758 3841 arcus
1788 3790 1831 3842 P
1860 3790 1924 3843 M
1953 3792 2090 3842 sinus
2126 3810 2176 3836 =
2211 3808 2263 3857 p,

186 3873 285 3910 vox..
312 3871 400 3909 ΙΙΙ.
1175 3877 1211 3912 Λ
1232 3888 1255 3912 a
