2528 4172
165 256 674 338 LissERTEn'r1us.]
752 272 1154 326 PRINCIPIA
1195 272 1812 325 MATHEMATICA.
2229 279 2297 329 27

161 418 333 469 fingatur
358 417 399 453 in
427 417 597 465 icorpus
623 415 789 454 centrale
816 414 906 453 Jovi
936 415 1070 460 simile,
1103 415 1202 452 circa

161 471 278 521 quod,
312 470 458 508 semota
496 471 594 507 Solis
629 469 787 512 actione,
820 467 968 505 satelles
988 469 1139 518 gravior
1165 469 1200 505 L

162 525 372 562 describere
407 523 544 571 poterit
579 522 742 559 orbitam
791 520 825 558 P
860 522 901 565 Q
937 521 976 558 R
1011 522 1047 558 T
1083 521 1201 568 priori

163 580 203 615 A
218 578 249 615 C
265 578 301 614 B
316 577 356 613 D
368 576 552 625 aequalem
566 590 576 620 ;
589 574 810 611 restituatur
822 574 919 612 Solis
931 574 1039 619 actio,
1051 574 1149 611 actio
1163 587 1201 610 e-

156 629 224 680 jus
240 629 278 666 in
290 636 496 678 utrumque
506 626 705 664 satellitem
716 628 787 663 erit
796 626 952 676 aequalis
966 627 1005 662 in
1015 627 1203 663 similibus

160 683 371 720 orbitarum
386 681 538 729 punctis
553 695 564 726 3
584 692 675 718 nam
690 687 844 728 propter
857 680 1052 730 ingentem
1065 680 1203 726 *puncti

128 735 130 737 ’
167 736 195 774 S
221 734 440 773 distantiam
467 734 540 770 erit
560 734 587 771 S
611 734 647 770 A
675 732 725 770 ad
754 733 781 770 S
804 732 850 778 P,
878 740 916 770 et
939 732 965 769 S
987 733 1021 770 B
1042 732 1093 769 ad
1115 733 1203 770 SR

780 788 796 821 1
969 790 985 822 1

735 819 1033 902 udfflve

157 911 253 942 tates
277 903 319 940 in
347 901 401 939 eis
419 902 573 951 punctis
601 902 727 941 forent
744 911 789 941 ut
806 903 834 942 d
851 903 900 941 ad
919 917 953 951 e,
979 902 1142 954 ide6que
1171 901 1203 939 si

161 826 207 857 ut
228 820 254 858 S
275 819 297 856 1
318 817 367 856 ad
388 812 416 854 'S
434 817 460 863 i,
489 810 653 868 idedque
670 824 715 855 ut
1074 817 1199 870 gravi-

156 2431 335 2471 satellites
352 2431 479 2471 forent
497 2445 606 2483 aeque
618 2445 764 2484 graves,
783 2431 938 2481 paribus
956 2432 997 2470 in
1009 2431 1197 2471 distantiis

154 2486 357 2536 gravitates
376 2485 416 2521 in
435 2485 488 2523 eis
506 2487 660 2534 punctis
677 2487 802 2523 forent
813 2492 858 2522 ut
872 2485 897 2522 d
912 2485 960 2523 ad
973 2500 1004 2531 e,
1026 2485 1091 2522 sed
1107 2486 1197 2535 quia

153 2538 317 2589 gravitas
329 2538 501 2576 satellitis
511 2539 525 2576 l
537 2546 593 2576 est
603 2539 653 2576 ad
664 2538 887 2589 gravitatem
895 2538 1064 2576 satellitis
1076 2539 1109 2575 L
1119 2546 1164 2576 ut
1175 2551 1197 2575 e

154 2591 203 2629 ad
222 2590 259 2636 d,
274 2599 544 2639 compensatur
562 2591 767 2629 discrimen
783 2591 976 2641 gravitatis
988 2605 1034 2629 ex
1053 2590 1196 2628 distan-

153 2642 209 2682 tia
227 2651 354 2681 ortum
373 2656 441 2692 per
468 2644 673 2683 discrimen
700 2644 896 2694 gravitatis
922 2658 968 2682 ex
995 2644 1196 2694 hypothesi

155 2697 425 2734 constitutum:
450 2698 612 2736 mutatio
627 2705 756 2735 autem
768 2710 855 2747 quae
870 2710 915 2734 ex
931 2698 1081 2735 actione
1097 2697 1196 2735 Solis

155 2749 277 2787 oritur
302 2749 343 2786 in
365 2750 528 2787 orbitam
553 2751 726 2788 satellitis
744 2749 865 2787 relate
884 2751 932 2788 ad
951 2751 1034 2801 ejus
1052 2750 1194 2799 prima-

156 2802 259 2840 rium
286 2802 428 2850 pendet
454 2816 500 2841 ex
530 2803 747 2841 discrimine
779 2803 938 2841 actionis
961 2804 1059 2841 Solis
1077 2804 1118 2839 in
1136 2816 1194 2841 sa-

154 2854 317 2893 tellitem
336 2862 374 2893 et
399 2855 441 2892 in
459 2857 698 2904 primarium,
727 2857 800 2893 hoc
819 2864 876 2893 est
893 2857 935 2893 in
954 2856 1193 2905 oppositione

155 2907 298 2956 pendet
329 2921 376 2946 ex
407 2909 561 2948 residuo
582 2909 743 2948 actionis
774 2909 873 2947 Solis
898 2909 940 2946 in
968 2909 1195 2959 primarium

158 2958 315 3009 dempta
343 2962 492 3000 actione
527 2962 627 3000 Solis
652 2962 694 2999 in
721 2962 951 3010 satellitem3
980 2970 1018 3001 et
1039 2963 1080 3000 in
1099 2975 1192 3000 con-

152 3013 353 3063 junctione
380 3027 425 3052 ea
450 3016 614 3054 mutatio
638 3017 780 3064 pendet
798 3028 844 3053 ex
863 3016 1017 3054 residuo
1035 3016 1194 3054 actionis

161 3066 259 3105 Solis
290 3067 331 3104 in
360 3068 562 3106 satellitem
585 3066 742 3117 dempta
770 3069 868 3107 Solis
889 3069 1039 3107 actione
1057 3069 1098 3105 in
1115 3069 1193 3117 pri-

159 3120 344 3158 marium:
378 3121 468 3158 cum
486 3134 579 3172 ergo
597 3122 695 3159 actio
718 3122 817 3159 Solis
835 3122 876 3159 in
894 3123 1072 3160 satellites
1096 3122 1131 3159 L
1156 3129 1195 3160 et

158 3171 186 3217 l,
216 3172 264 3210 sit
289 3172 447 3220 eadem3
477 3175 543 3212 sed
562 3175 661 3212 actio
683 3175 782 3212 Solis
806 3175 849 3212 in
873 3175 1099 3224 primarium
1117 3175 1132 3211 i
1152 3176 1195 3213 fit

159 3223 287 3262 minor
319 3225 436 3275 quam
465 3227 511 3264 in
542 3228 770 3277 primarium
804 3228 840 3275 Ι,
878 3229 919 3265 in
955 3228 1194 3278 oppositione

160 3276 290 3314 minus
306 3286 362 3316 est
385 3279 579 3317 residuum
606 3280 712 3330 quod
735 3281 990 3319 mutationem
1014 3280 1135 3330 pariet
1153 3281 1193 3317 in

160 3328 282 3367 orbita
318 3331 489 3369 satellitis
518 3334 563 3378 L,
592 3332 710 3384 quam
733 3334 932 3372 residuum
968 3334 1072 3386 quod
1106 3347 1194 3371 mu-

159 3381 344 3419 tationem
379 3385 551 3423 satellitis
586 3386 602 3423 1
637 3386 736 3435 parit
770 3387 814 3424 in
851 3385 987 3432 orbita,
1030 3395 1069 3425 et
1111 3400 1194 3424 ma-

153 3435 222 3486 jus
248 3447 270 3471 e
297 3442 427 3473 contra
455 3445 511 3475 est
534 3439 732 3476 residuum
760 3439 802 3477 in
834 3440 1104 3491 conjunctione
1134 3453 1194 3477 re-

160 3495 293 3536 spectu
318 3489 448 3526 orbitae
474 3491 644 3529 satellitis
674 3493 710 3531 L
739 3491 858 3543 quam
888 3502 1063 3542 respectu
1092 3493 1194 3530 orbi-

159 3547 212 3577 tae
244 3541 416 3578 satellitis
446 3541 485 3589 l;
521 3542 686 3582 sed'illa
717 3545 870 3583 residua
901 3554 982 3583 tam
1007 3546 1049 3582 in
1076 3558 1196 3594 oppo-

160 3592 298 3640 sitione
327 3591 445 3644 quam
472 3594 515 3631 in
545 3596 814 3646 conjunctione
843 3598 920 3635 vim
949 3599 1197 3646 centripetam

160 3644 369 3699 minuunt3
400 3660 492 3697 ergo
514 3647 569 3685 vis
587 3650 795 3699 centripeta
811 3652 934 3702 major
951 3659 1082 3688 manet
1099 3651 1140 3687 in
1159 3652 1198 3688 R

162 3696 278 3747 quam
298 3699 339 3736 in
362 3700 409 3743 B,
432 3708 471 3737 et
488 3700 614 3738 minor
631 3714 653 3738 e
671 3710 803 3740 contra
821 3703 860 3740 in
890 3704 926 3746 P
944 3702 1062 3753 quam
1080 3704 1121 3740 in
1147 3706 1197 3748 A,

102 3754 112 3764 ⁴
162 3750 268 3788 unde
294 3759 396 3800 patet
421 3753 524 3803 quod
549 3761 595 3791 ut
617 3754 837 3792 restituatur
860 3756 1071 3796 similitudo
1096 3757 1197 3793 inter

125 3855 131 3862 .
163 3802 324 3855 orbitam
341 3805 513 3848 satellitis
533 3807 581 3855 L,
602 3813 640 3845 et
657 3807 819 3847 orbitam
836 3808 1008 3849 satellitis
1025 3808 1040 3845 1
1058 3821 1196 3857 corpus

1256 414 1423 453 centrale
1452 415 1587 453 debeat
1619 414 1805 453 removeri
1833 427 1857 451 a
1887 419 2033 461 puncto
2064 413 2103 450 R
2126 420 2164 450 et
2187 426 2296 452 acce-

1256 468 1345 505 dere
1364 480 1494 505 versus
1515 470 1562 515 P,
1586 470 1658 513 hoc
1687 477 1744 506 est
1767 466 1961 505 transferri
1980 479 2027 503 ex
2054 466 2068 502 i
2095 478 2226 503 versus
2247 466 2294 513 13

1258 521 1311 557 ita
1335 530 1380 558 ut
1406 531 1582 559 centrum
1607 523 1739 560 orbitae
1768 520 1938 558 satellitis
1959 520 1993 557 L
2011 519 2198 557 'remotius
2216 532 2298 558 esse

1258 573 1394 611 debeat
1412 587 1434 611 a
1456 575 1545 612 Sole
1564 574 1681 625 quam
1701 575 1820 623 ipsius
1838 586 1977 621 corpus
1995 572 2173 610 centrale.

1311 627 1404 664 Jam
1440 626 1529 665 ver&
1564 628 1651 665 dico
1687 628 1785 665 illud
1820 639 1958 674 corpus
1990 625 2157 664 centrale
2186 625 2235 662 ad
2273 626 2297 664 1

1238 680 1453 722 ,transferri
1481 680 1631 727 debere,
1662 693 1752 718 nam
1780 681 1828 717 sit
1853 692 1991 727 corpus
2011 678 2177 716 centrale
2195 678 2237 715 in
2259 678 2295 725 Ι,

1259 732 1406 770 semota
1431 733 1529 770 Solis
1556 734 1716 779 actione,
1747 733 1896 771 satelles
1917 733 1953 770 L
1971 732 2107 769 eodem
2126 739 2298 780 tempore

1257 786 1453 833 periodico
1478 799 1522 823 ac
1550 786 1655 835 prius
1682 786 1868 823 describet
1893 785 2057 833 ellipsim
2079 785 2189 834 cujus
2207 797 2297 821 cen-

1258 846 1362 875 trum
1390 840 1414 884 i,
1448 839 1557 877 focus
1584 838 1671 877 ver&
1698 839 1720 876 I
1749 847 1787 876 et
1814 838 1894 875 axis
1920 838 2041 888 major
2074 839 2112 874 R
2134 838 2178 881 P,
2212 840 2298 887 (per

1261 892 1351 929 Cor.
1383 892 1497 940 Prop.
1521 893 1615 929 XV.
1651 892 1739 930 Lib.
1775 891 1834 940 Ι.)
1874 899 1912 928 et
1939 891 1980 927 in
2010 890 2193 927 mediocri
2225 890 2299 928 sua

1258 944 1439 981 distantia
1466 946 1486 983 I
1511 946 1552 990 Q
1578 946 1689 997 (Cor.
1726 949 1764 982 4.
1798 945 1913 992 Prop.
1951 944 2073 982 XVI.
2115 943 2202 981 Lib.
2236 943 2295 993 1.)

1257 995 1498 1035 velocitatem
1517 999 1691 1036 eamdem
1708 998 1863 1035 habebit
1880 1010 1996 1046 quam
2017 998 2130 1034 habet
2148 997 2299 1033 satelles

1258 1049 1275 1087 l
1298 1051 1339 1086 in
1367 1063 1437 1088 suo
1465 1051 1619 1096 circulo,
1649 1051 1800 1101 qualem
1829 1063 1862 1086 v.
1886 1063 1943 1099 gr.
1967 1051 2081 1086 habet
2104 1050 2145 1086 in
2176 1050 2209 1087 C
2230 1050 2298 1086 ubi

1258 1103 1504 1141 velocitatum
1541 1105 1695 1141 illarum
1724 1103 1951 1140 directiones
1984 1111 2075 1139 sunt
2102 1102 2298 1150 parallelae

1257 1163 1338 1193 tam
1364 1157 1463 1194 inter
1490 1171 1530 1194 se
1554 1156 1670 1207 quam
1691 1157 1876 1194 diametro
1900 1156 1938 1192 R
1961 1155 2007 1200 P,
2029 1163 2066 1192 et
2085 1158 2134 1193 ob
2153 1155 2298 1192 distan-

1259 1208 1400 1246 tiarum
1432 1210 1452 1246 I
1478 1211 1518 1254 Q
1543 1220 1580 1247 et
1611 1211 1630 1247 Ι
1655 1211 1686 1247 C
1717 1209 1973 1258 aequalitatem
1998 1209 2093 1244 vires
2112 1209 2298 1245 centrales

1258 1269 1350 1298 sunt
1375 1263 1539 1312 aequales
1561 1263 1780 1299 directionis
1799 1261 2020 1311 obliquitate
2041 1261 2201 1309 paulum
2220 1261 2295 1298 dif-

1257 1315 1445 1353 ferentes:
1491 1316 1653 1353 addatur
1679 1316 1762 1365 jam
1794 1315 1892 1352 actio
1928 1314 2037 1360 Solis,
2065 1322 2103 1351 et
2128 1313 2220 1350 cuin
2250 1315 2299 1351 sit

1262 1368 1289 1405 S
1314 1368 1352 1411 Q
1380 1368 1429 1405 ad
1455 1369 1481 1406 S
1503 1369 1535 1406 C
1568 1377 1613 1405 ut
1649 1370 1704 1406 Si
1731 1368 1779 1405 ad
1806 1369 1832 1405 S
1856 1368 1875 1404 I
1901 1367 2069 1404 actiones
2095 1367 2171 1403 illae
2200 1367 2298 1404 Solis

1250 1422 1327 1471 ·(ex
1352 1422 1458 1471 Hyp.
1483 1430 1520 1458 et
1549 1420 1834 1468 demonstratis)
1863 1420 1904 1456 in
1933 1420 2113 1457 satellites
2138 1419 2298 1457 diversae

1256 1474 1462 1524 gravitatis,
1497 1474 1563 1511 sed
1594 1474 1735 1522 positos
1763 1474 1803 1509 in
1838 1474 1880 1517 Q
1909 1480 1947 1510 et
1982 1474 2013 1510 C
2040 1482 2154 1509 erunt
2181 1473 2298 1510 etiam

1258 1528 1441 1576 aequales3
1464 1529 1679 1564 movebitur
1697 1539 1789 1576 ergo
1808 1526 1957 1563 satelles
1978 1526 2013 1563 L
2035 1526 2074 1562 in
2093 1523 2296 1563 mediocri-

1257 1581 1328 1617 bus
1348 1580 1535 1618 distantiis
1558 1582 1599 1624 Q
1622 1588 1660 1617 et
1687 1581 1723 1617 T
1742 1588 1786 1616 ut
1804 1579 1954 1615 satelles
1972 1579 1987 1615 l
2005 1585 2182 1615 movetur
2200 1578 2241 1615 in
2264 1580 2296 1617 C

1258 1640 1296 1670 et
1318 1634 1357 1671 D
1385 1647 1501 1684 quam
1527 1632 1711 1681 proxime,
1739 1641 1819 1670 tam
1847 1632 1993 1669 ratione
2018 1630 2186 1679 corporis
2207 1644 2297 1669 cen-

1256 1686 1361 1723 tralis
1386 1688 1405 1724 1
1433 1685 1552 1737 quam
1582 1687 1697 1724 etiam
1726 1699 1772 1723 ex
1798 1685 1981 1735 adjuncta
2005 1684 2155 1722 actione
2186 1685 2296 1731 Solis,

1256 1741 1488 1778 mutationes
1506 1739 1595 1777 ver&
1614 1753 1659 1777 ex
1680 1739 1771 1779 Sole
1790 1738 2000 1789 pendentes
2018 1739 2059 1774 in
2079 1738 2114 1774 A
2136 1744 2174 1774 et
2196 1738 2240 1781 P,
2259 1748 2298 1775 et

1249 1792 1296 1829 ‘in
1330 1795 1367 1830 R
1396 1802 1433 1831 et
1462 1794 1497 1831 B
1527 1794 1692 1843 aequales
1720 1802 1821 1838 sunt,
1848 1793 1939 1843 quia
1966 1799 2057 1831 sunt
2081 1790 2298 1829 differentia

1254 1847 1426 1896 ejusdem
1447 1847 1502 1884 vis
1524 1848 1622 1885 Solis
1640 1848 1681 1884 in
1703 1848 1723 1885 Ι
1740 1855 1782 1885 et
1800 1847 1938 1883 virium
1962 1847 2060 1884 Solis
2079 1846 2120 1882 in
2138 1846 2175 1882 A
2192 1853 2230 1883 et
2247 1846 2294 1892 P,

1255 1906 1301 1936 ut
1319 1908 1356 1937 et
1376 1900 1513 1937 virium
1538 1901 1636 1938 Solis
1654 1901 1694 1937 in
1722 1901 1760 1937 R
1779 1908 1817 1938 et
1847 1900 1896 1947 P,
1926 1900 2023 1937 vires
2042 1906 2173 1938 autem
2192 1899 2233 1935 in
2256 1901 2295 1936 A

1255 1960 1294 1988 et
1316 1953 1350 1990 P
1368 1955 1641 2003 suntaequales
1659 1967 1705 1991 ex
1728 1955 1836 2003 Hyp.
1857 1961 1895 1991 et
1913 1954 2014 1991 dem.
2031 1961 2076 1990 ut
2088 1952 2184 1990 et-in
2205 1953 2243 1989 R
2258 1960 2297 1990 et

1257 2004 1309 2045 B.
1371 2006 1485 2044 Unde
1504 2007 1594 2045 esim
1614 2008 1669 2044 vis
1688 2007 1857 2055 primarii
1878 2020 2020 2056 magna
2038 2005 2229 2043 censenda
2247 2006 2296 2043 sit

1255 2068 1430 2107 respectu
1461 2061 1517 2096 vis
1552 2061 1604 2106 S;
1632 2062 1798 2097 rationes
1828 2060 1968 2097 virium
1997 2060 2296 2107 centripetarum

1255 2112 1494 2149 residuarum
1521 2114 1560 2149 in
1593 2114 1627 2150 P
1648 2122 1684 2151 et
1707 2115 1755 2158 A,
1783 2115 1817 2151 B
1845 2121 1882 2150 et
1912 2114 1946 2149 R
1964 2119 2123 2149 manent
2141 2113 2239 2148 inter
2255 2124 2296 2149 se

1255 2164 1297 2200 in
1316 2166 1448 2202 eadem
1476 2166 1622 2204 ratione
1640 2180 1684 2204 ac
1703 2167 1734 2203 si
1754 2166 1862 2203 nulla
1881 2167 1979 2203 foret
1997 2166 2095 2202 actio
2118 2165 2228 2209 Solis,
2257 2171 2296 2201 et

1255 2225 1301 2255 ut
1329 2217 1474 2256 semota
1492 2220 1642 2257 actione
1664 2220 1762 2256 Solis
1782 2232 1916 2257 curvas
1935 2232 2022 2256 suas
2040 2217 2174 2255 iisdem
2197 2225 2295 2254 tem-

1254 2271 1410 2318 poribus
1437 2272 1647 2310 describere
1678 2273 1880 2318 faciebant,
1916 2272 2106 2309 celeritate
2138 2270 2296 2320 quidem

1253 2325 1386 2374 majori
1406 2325 1446 2361 in
1470 2326 1516 2371 P,
1539 2326 1677 2363 minori
1697 2326 1737 2362 in
1765 2326 1809 2369 R,
1831 2325 1959 2362 media
1973 2323 2062 2362 ver&
2081 2324 2122 2371 in
2139 2328 2175 2360 A
2191 2331 2229 2361 et
2245 2324 2294 2368 B,

1252 2376 1382 2428 itaque
1397 2378 1530 2415 eadem
1545 2378 1718 2427 proxime
1731 2379 1778 2417 iis
1792 2379 1832 2415 in
1848 2377 2001 2427 punctis
2015 2377 2185 2414 manebit
2198 2377 2296 2413 ratio

1253 2429 1518 2479 descriptionis
1533 2444 1759 2477 curvarum3
1781 2427 1869 2469 cum
1887 2442 1979 2480 ergo
1991 2430 2295 2467 demonstratum

1253 2483 1301 2520 sit
1312 2484 1416 2534 quod
1429 2485 1469 2520 in
1483 2485 1635 2532 punctis
1658 2485 1690 2522 P
1704 2486 1744 2529 Q
1755 2486 1792 2522 R
1805 2485 1851 2528 T,
1879 2485 1915 2521 A
1931 2485 1962 2522 C
1977 2485 2012 2521 B
2026 2484 2066 2521 D
2079 2484 2178 2520 actio
2197 2483 2296 2520 Solis

1251 2548 1330 2573 non
1350 2539 1476 2575 turbet
1493 2538 1718 2575 relationem
1744 2551 1831 2588 quae
1856 2537 2058 2574 intercedit
2084 2537 2184 2573 inter
2211 2548 2294 2572 mo-

1251 2589 1346 2626 dum
1366 2603 1444 2640 quo
1459 2603 1584 2628 curvae
1599 2591 1676 2628 illae
1699 2591 1733 2629 P
1753 2592 1793 2634 Q
1810 2591 1848 2628 R
1866 2591 1913 2636 T,
1934 2592 1969 2627 A
1990 2591 2022 2627 C
2039 2590 2072 2627 B
2094 2590 2133 2626 D
2153 2588 2293 2626 descri-

1250 2644 1408 2689 buntur,
1429 2643 1520 2681 cum
1540 2644 1679 2681 virium
1699 2643 1866 2681 rationes
1885 2643 2031 2681 eaedem
2049 2649 2231 2679 maneant
2249 2654 2294 2679 ac

1249 2696 1358 2745 prius
1372 2696 1678 2747 quamproxime,
1700 2697 1804 2734 idem
1818 2697 1930 2734 etiam
1945 2696 1993 2733 de
2004 2696 2158 2745 punctis
2177 2695 2294 2731 inter-

1251 2749 1388 2786 mediis
1406 2749 1477 2787 erit
1495 2750 1803 2801 intelligendum.
1864 2749 1982 2787 Unde
2001 2750 2172 2798 sequitur
2190 2747 2294 2797 quod

1250 2802 1402 2839 satelles
1421 2803 1457 2840 L
1477 2803 1518 2839 in
1537 2803 1660 2841 orbita
1682 2804 1716 2840 P
1741 2804 1782 2847 Q
1799 2804 1836 2841 R
1854 2804 1890 2840 T
1908 2802 2050 2839 revolvi
2071 2801 2209 2850 poterit
2227 2814 2291 2837 eo·

1251 2854 1342 2893 dem
1369 2864 1540 2904 tempore
1567 2856 1778 2906 iisdemque
1801 2855 1976 2904 proxime
2003 2855 2152 2905 legibus
2171 2866 2214 2890 ac
2233 2866 2291 2889 sa-

1249 2908 1360 2947 telles
1381 2909 1418 2946 L
1440 2910 1481 2945 in
1499 2908 1624 2947 orbita
1650 2908 1721 2947 sua
1753 2910 1787 2946 A
1814 2910 1848 2947 C
1869 2910 1902 2946 B
1926 2909 1979 2954 D,
2010 2909 2041 2945 si
2069 2909 2219 2957 gravior
2245 2906 2293 2943 sit

1249 2961 1349 3000 Jove
1367 2962 1520 3010 paribus
1539 2963 1579 2999 in
1594 2962 1780 3000 distantiis
1792 2962 1833 2998 in
1848 2962 1993 2999 ratione
2008 2957 2203 3008 duplicata
2216 2959 2292 2995 dis-

1250 3015 1383 3052 tantiae
1413 3014 1512 3053 Solis
1539 3029 1563 3052 a
1590 3024 1721 3054 centro
1746 3028 1827 3053 suae
1851 3015 1985 3053 orbitae
2003 3013 2053 3051 ad
2072 3011 2291 3050 distantiam

1254 3068 1353 3105 Solis
1370 3070 1418 3106 ab
1435 3069 1518 3116 ipso
1534 3069 1648 3108 Jove.
1710 3069 1761 3113 Q.
1781 3082 1819 3106 e.
1843 3068 1880 3104 d.

1307 3121 1499 3159 Eamdem
1529 3122 1893 3159 demonstrationem
1912 3118 2094 3168 applicari
2113 3130 2223 3166 posse
2241 3117 2291 3156 ad
2344 3161 2350 3168 ,

1251 3186 1382 3211 casum
1424 3175 1491 3212 ubi
1528 3175 1678 3212 satelles
1724 3180 2002 3222 supponeretur
2037 3172 2156 3208 levior
2191 3172 2292 3210 Jove

1250 3226 1405 3274 paribus
1423 3228 1464 3264 in
1483 3227 1682 3274 distantiis,
1702 3227 1887 3275 illumque
1903 3233 1996 3262 tunc
2010 3224 2292 3272 descripturum

1251 3279 1418 3329 ellipsim
1445 3281 1558 3331 cujus
1585 3288 1759 3318 centrum
1792 3279 1879 3316 Sole
1903 3278 2067 3315 vicinius
2086 3277 2157 3315 erit
2174 3276 2292 3327 quam

1249 3333 1417 3381 Jupiter,
1447 3334 1502 3371 ita
1528 3341 1573 3370 ut
1600 3334 1649 3371 sit
1675 3332 1840 3382 gravitas
1868 3330 2039 3368 satellitis
2057 3330 2106 3368 ad
2125 3331 2293 3381 gravita-

1251 3393 1331 3423 tem
1358 3386 1467 3425 Jovis
1489 3386 1529 3423 in
1554 3382 1750 3434 duplicata
1776 3384 1922 3422 ratione
1941 3384 2131 3422 distantioe
2152 3383 2250 3421 Solis
2269 3396 2294 3420 a

1248 3446 1379 3476 centro
1406 3439 1539 3476 orbitae
1565 3439 1614 3476 ad
1641 3437 1860 3475 distantiam
1891 3437 1989 3475 Solis
2014 3451 2037 3475 a
2060 3437 2171 3476 Jove.
2235 3437 2286 3480 Q.

1248 3491 1411 3529 alterum
1431 3505 1463 3529 e.
1488 3492 1525 3529 d.

1307 3542 1400 3581 Hac
1427 3545 1573 3582 ratione
1597 3544 1687 3581 satis
1709 3551 1882 3582 constare
1900 3551 2085 3581 assertum
2107 3541 2290 3580 Newtoni

1253 3597 1459 3642 credimus,
1489 3597 1592 3634 idem
1617 3604 1747 3634 tamen
1775 3598 1885 3635 aliter
1910 3599 2003 3635 inito
2034 3599 2179 3635 calculo
2207 3607 2289 3631 ma-

1251 3650 1311 3699 gis
1337 3649 1384 3688 ad
1410 3658 1577 3687 mentem
1607 3649 1790 3688 Newtoni
1814 3650 2063 3687 demonstrari
2081 3662 2191 3697 posse
2211 3660 2289 3683 non

1252 3714 1463 3751 negamus;
1493 3702 1561 3739 sed
1587 3704 1681 3741 ratio
1709 3716 1799 3740 eum
1829 3703 2022 3741 calculum
2041 3702 2212 3744 ineundi,
2243 3712 2289 3737 ex

1248 3754 1295 3791 iis
1322 3767 1408 3803 quae
1442 3763 1570 3802 postea
1600 3755 1647 3793 de
1679 3757 1847 3795 motibus
1869 3757 2068 3794 lunaribus
2099 3754 2287 3796 dicentur,

1250 3807 1320 3845 erit
1338 3807 1574 3845 deducenda.
