2528 4172
0 3216 19 3270 {2

0 3281 19 3325 ff

152 256 284 308 CAP.
314 254 447 319 111.]
789 255 905 308 AD
938 254 1308 309 TERTIUM
1352 254 1682 310 LIBRUM.
2134 259 2303 309 xxxiii

145 400 380 469 trajicere
416 399 513 453 visi
538 409 673 452 sunt.
756 399 915 452 Unde
953 411 1135 453 notum
1173 401 1367 453 factum
1404 410 1483 453 est
1533 402 1775 454 Planetas
1802 400 1918 453 iUos
1944 419 2055 453 esse
2081 419 2304 469 corpora

146 510 310 561 opaca
353 512 383 543 a
430 492 550 545 Sole
594 491 862 543 illustrata.
941 492 1007 543 In
1044 492 1191 554 Jove,
1235 491 1414 543 Marte
1440 510 1500 542 ac
1527 492 1734 544 Venere
1759 492 1979 544 maculae
2013 492 2302 544 observatae

143 581 355 633 fuerunt
371 599 590 652 quarum
606 591 780 633 motus
801 581 1111 633 rotationem
1132 581 1341 631 illorum
1359 581 1687 649 planetarum
1708 580 1845 633 circa
1859 581 2133 650 proprium
2150 600 2303 634 axem

143 672 346 740 probat.
438 668 593 723 Circa
617 670 803 723 Jovem
830 681 1053 741 quatuor
1078 661 1276 722 revolvi
1303 671 1546 723 videntur
1571 671 1766 722 lunulae
1792 673 1826 724 J
1829 673 1939 723 ovis
1966 690 2155 741 corpus
2181 691 2302 741 per-

143 761 303 833 petuo
341 761 658 813 comitantes.
736 761 871 813 Sunt
908 779 1088 812 omnes
1126 770 1186 812 ut
1222 771 1274 812 et
1311 761 1518 829 Jupiter
1542 761 1653 829 ipse
1688 780 1908 831 corpora
1934 781 2098 831 opaca
2122 763 2300 814 lumen

147 868 297 903 suum
317 869 349 901 a
371 849 492 902 Sole
512 849 828 911 mutuanti-5:13
856 867 979 900 nam
996 849 1127 901 Jove
1152 850 1288 901 inter
1312 848 1450 918 ipsas
1471 859 1522 900 et
1545 849 1720 901 Solem
1746 849 2116 902 diametraliter
2141 851 2301 902 inter-

145 941 335 1012 posito,
382 940 579 992 lumine
621 941 896 1010 privantur
940 950 992 992 et
1034 941 1164 992 caelo
1206 959 1390 992 sereno
1434 950 1750 992 evanescunt
1765 960 1778 1002 3
1831 941 1921 992 ubi
1959 940 2084 993 vero
2129 942 2301 1012 aliqua

144 1031 358 1084 Jovialis
396 1030 608 1083 Lunula
643 1031 779 1082 inter
819 1030 995 1082 Solem
1023 1040 1075 1082 et
1099 1031 1285 1082 Jovem
1310 1030 1512 1092 transit,
1542 1030 1652 1098 ejus
1679 1030 1867 1081 umbra
1893 1031 2054 1082 instar
2079 1032 2300 1083 maculae

142 1121 310 1192 nigrae
352 1139 412 1172 ac
455 1119 695 1171 rotundae
735 1119 1042 1171 observatur
1090 1119 1146 1170 in
1196 1120 1309 1187 ipso
1351 1119 1385 1170 J
1388 1119 1496 1170 ovis
1542 1118 1702 1169 disco.
1807 1118 2056 1189 Quinque
2104 1121 2301 1189 pariter

144 1210 373 1263 Lunulae
402 1210 685 1261 Saturnum
712 1209 1024 1260 comitantur
1049 1218 1101 1259 et
1128 1207 1266 1259 circa
1292 1227 1412 1259 eum
1438 1208 1785 1259 revolutiones
1815 1227 1931 1259 suas
1958 1222 2122 1280 agunt
2146 1211 2300 1263 lumi-

144 1320 317 1372 neque
349 1300 623 1369 privantur
659 1298 787 1350 dum
829 1298 961 1349 radii
992 1298 1197 1350 Solares
1225 1317 1256 1348 a
1285 1298 1497 1349 Saturni
1523 1316 1741 1366 corpore
1768 1316 1934 1366 opaco
1960 1299 2299 1369 intercipiun-

142 1402 245 1444 tur.
317 1388 598 1460 Hugenius
617 1380 686 1440 ex
709 1388 936 1458 propriis
957 1388 1404 1440 observationibus
1430 1388 1606 1440 intulit
1628 1389 1915 1440 Saturnum
1941 1391 2080 1462 cingi
2105 1392 2300 1444 annulo

135 1480 302 1543 tenui,
340 1480 519 1552 plan03
556 1498 814 1549 nusquam
848 1478 1142 1531 cohaerente
1180 1498 1298 1530 cum
1336 1497 1555 1548 corpore
1580 1480 1792 1532 Saturni
1817 1490 1869 1532 et
1894 1480 1964 1532 ad
1990 1482 2301 1552 Eclipticam

144 1572 425 1633 inclinat03
465 1589 582 1641 quae
626 1570 946 1640 hypothesis,
988 1571 1031 1622 si
1055 1569 1129 1622 ita
1153 1589 1293 1622 nunc
1316 1580 1489 1639 potest
1515 1571 1782 1640 appellari,
1811 1591 1920 1623 non
1946 1572 2116 1625 solum
2145 1576 2300 1628 Phae-

141 1659 378 1713 nomenis
412 1659 478 1710 ab
518 1658 773 1730 Hugenio
809 1659 1110 1721 observatis,
1148 1658 1239 1710 sed
1278 1669 1330 1710 et
1367 1659 1479 1710 aliis
1516 1659 1757 1728 plurimis
1802 1680 1922 1731 quae
1959 1664 2149 1733 magna
2185 1664 2301 1715 dili-

141 1749 316 1823 gentia
354 1769 386 1802 a
426 1749 644 1802 Cassino
683 1759 735 1802 et
781 1749 1029 1801 Maraldo
1067 1749 1341 1801 observata
1373 1748 1519 1800 fuere
1564 1749 1823 1802 satisfacit.
1920 1752 2162 1804 Tandem
2204 1773 2302 1823 per

140 1843 478 1912 telescopium
516 1843 678 1894 stellae
715 1841 870 1914 longe
904 1843 1079 1912 plures
1107 1861 1264 1913 quam
1290 1841 1442 1893 oculo
1468 1841 1611 1892 nudo
1637 1851 1921 1893 cernuntur
1936 1862 1950 1905 ;
1994 1844 2169 1896 Stellae
2194 1846 2298 1896 illae

142 1955 271 2007 quas
307 1936 585 1988 nebulosas
624 1935 804 1987 dicunt
840 1945 892 1987 et
917 1936 1120 2007 integra
1162 1935 1245 1986 via
1286 1934 1452 1986 lactea
1477 1933 1608 1985 nihil
1634 1933 1777 1985 aliud
1803 1943 1925 1985 sunt
1951 1954 2108 2005 quam
2131 1936 2295 2005 pluri-

140 2044 345 2077 marum
370 2024 634 2076 stellarum
659 2044 776 2094 quae
804 2024 955 2076 oculo
981 2043 1088 2076 non
1115 2023 1508 2096 distinguuntur
1535 2024 1821 2095 congeries.
1895 2024 2064 2076 Novae
2091 2045 2298 2097 quoque

139 2115 195 2166 in
245 2115 383 2167 caelis
433 2114 595 2166 stellae
631 2124 886 2184 apparent
924 2124 976 2167 et
1013 2134 1130 2185 quae
1170 2113 1291 2166 ante
1329 2114 1660 2178 videbantur,
1701 2132 2082 2184 nonnunquam
2117 2116 2298 2168 incon-

144 2206 340 2277 spicuae
388 2206 538 2270 fiunt,
592 2206 799 2258 illarum
851 2206 1093 2277 quaedam
1155 2206 1495 2275 apparitionis
1547 2214 1599 2257 et
1648 2204 2000 2274 disparitionis
2035 2208 2296 2275 >periodos

139 2297 337 2349 habent
362 2316 479 2367 quae
505 2297 783 2367 quamdam
809 2296 1195 2368 regularitatem
1233 2296 1472 2348 obtinere
1498 2294 1755 2358 videntur,
1786 2313 2067 2365 earumque
2094 2296 2296 2367 magni-

139 2389 268 2442 tudo
293 2390 390 2441 sub
414 2390 562 2441 initio
589 2388 926 2459 apparitionis
953 2388 1137 2441 crescit
1162 2397 1213 2439 et
1239 2388 1335 2439 sub
1361 2388 1521 2439 finem
1547 2386 1812 2439 decrescit.

210 2486 297 2531 42.
340 2479 397 2532 Si
423 2480 614 2549 saepius
640 2480 947 2532 observetur
971 2489 1084 2531 tum
1109 2489 1284 2531 motus
1315 2479 1450 2532 Solis
1475 2479 1531 2529 in
1558 2477 1813 2549 Ecliptica
1855 2480 1968 2549 (15)
1997 2490 2108 2531 tum
2133 2481 2295 2550 ipsius

67 2559 72 2565 ³
138 2571 388 2623 diameter
431 2591 689 2642 apparens
735 2573 848 2642 (39)
895 2570 1053 2643 quam
1097 2571 1214 2623 fieri
1251 2580 1425 2641 potest
1474 2569 1876 2633 accuratissime,
1924 2569 2063 2622 circa
2113 2571 2295 2623 datum

136 2671 389 2730 punctum
432 2661 487 2712 in
528 2662 688 2731 plano
726 2661 951 2714 describi
993 2660 1187 2730 poterit
1224 2679 1384 2713 curva
1421 2659 1600 2711 similis
1639 2660 1825 2711 orbitae
1852 2677 2008 2729 quam
2040 2659 2131 2712 Sol
2157 2660 2295 2713 circa

136 2759 328 2803 terram
370 2771 677 2821 percurrere
715 2752 968 2805 videtur.v
1032 2753 1173 2804 Nam
1217 2749 1336 2803 cum
1375 2751 1613 2803 diametri
1660 2751 1793 2804 Solis
1837 2763 2146 2820 apparentes
2192 2752 2295 2804 sint

137 2841 402 2910 reciproce
439 2850 498 2893 ut
534 2842 697 2911 ipsius
737 2862 768 2894 a
804 2842 989 2894 tellure
1027 2842 1306 2905 distantiae,
1349 2861 1415 2894 ex
1454 2842 1586 2894 datis
1625 2842 1888 2894 diametris
1923 2843 2293 2911 apparentibus

107 2928 327 2982 dantur
366 2931 727 2983 distantiarum
761 2932 987 2984 rationes
1026 2942 1078 2984 et
1116 2951 1183 2984 ex
1222 2932 1344 2983 dato
1382 2932 1517 2984 Solis
1543 2942 1690 2983 motu
1715 2933 1769 2982 in
1798 2931 2072 3001 Ecliptica,
2102 2932 2293 2984 dantur

138 3020 313 3091 anguli
337 3021 472 3072 inter
496 3021 609 3073 illas
635 3022 903 3074 distantias
930 3022 1177 3074 contenti.
1257 3022 1314 3073 Si
1340 3019 1466 3073 vero
1493 3040 1560 3072 ex
1584 3021 1886 3091 hujusmodi
1914 3022 2291 3073 observationi-

137 3107 234 3160 bus
272 3109 603 3163 conferantur
640 3112 881 3164 diametri
918 3122 1231 3181 apparentes
1262 3112 1397 3165 Solis
1425 3131 1543 3163 cum
1569 3112 1730 3181 ipsius
1757 3112 1995 3183 angulari
2020 3111 2292 3164 velocitate

140 3196 277 3275 circa
310 3208 518 3265 terram,
562 3212 779 3272 apparet
814 3222 959 3256 areas
999 3222 1127 3274 quas
1169 3203 1259 3256 Sol
1293 3204 1441 3254 radio
1467 3204 1534 3255 ad
1561 3214 1752 3255 terram
1780 3203 1938 3254 ducto
1963 3203 2138 3266 verrit,
2180 3223 2292 3256 esse

140 3290 459 3357 temporibus
484 3294 916 3362 proportionaleS,
943 3294 1182 3365 Solisque
1208 3295 1428 3346 orbitam
1450 3298 1556 3346 non
1575 3295 1798 3347 multum
1818 3295 2024 3347 differre
2044 3315 2074 3347 a
2095 3296 2289 3348 circulo

144 3387 196 3429 et
230 3377 412 3430 haberi
446 3400 600 3450 posse
635 3401 734 3452 pro
772 3383 940 3452 ellipsi
967 3385 1111 3453 cujus
1139 3384 1441 3436 umbilicum
1468 3385 1688 3436 alterum
1716 3395 1936 3452 occupat
1961 3393 2114 3436 terra.
2193 3385 2285 3438 Est

144 3456 321 3520 autem
351 3469 483 3522 Solis
509 3471 760 3525 diameter
786 3494 1041 3544 apparens
1067 3476 1298 3528 maxima
1327 3479 1407 3527 32'
1435 3479 1549 3538 40‘'‚
1580 3485 1630 3527 et
1655 3477 1870 3527 minima
1897 3477 1983 3529 31'
2010 3479 2105 3530 36⁰
2136 3476 2289 3546 juxta

143 3557 216 3611 D.
262 3558 465 3609 cassini
499 3558 554 3610 in
593 3561 811 3615 Tabulis
847 3564 1229 3616 Astronomicis
1287 3574 1338 3615 et
1373 3563 1493 3615 ideo
1531 3564 1759 3615 maxima
1795 3565 2039 3617 distantia
2086 3566 2220 3618 Solis
2258 3586 2288 3618 a

142 3648 280 3701 terra
307 3658 385 3701 est
410 3649 474 3701 ad
504 3649 797 3704 distantiam
822 3655 1091 3706 minimam
1118 3664 1177 3707 ut
1205 3656 1289 3707 32'
1325 3654 1423 3706 40st
1463 3654 1533 3705 ad
1572 3657 1652 3706 31'
1685 3656 1799 3718 36⁰,
1829 3654 1934 3707 sive
1961 3666 2019 3707 ut
2049 3663 2186 3709 1960
2220 3657 2287 3708 ad

148 3744 284 3790 1896
331 3738 553 3802 circiter,
602 3739 710 3792 sive
756 3748 858 3795 245
895 3743 962 3795 ad
1002 3748 1123 3799 237.
1223 3743 1308 3794 Ex
1359 3742 1610 3796 similibus
1661 3744 2120 3809 observationibus,
2175 3756 2284 3798 tum

198 3826 298 3867 Vox..
325 3829 411 3868 111.
1260 3834 1293 3871 c
