2528 4172
270 285 375 332 248
687 284 1047 346 INQUISIT
1050 284 1132 336 10
1172 285 1514 339 PHYSICA
1552 286 1636 339 IN
1676 287 1999 340 CAUSAM

265 421 420 492 hujus
448 426 654 495 generis
690 424 1073 493 phaenomenon
1100 425 1252 477 fuerit
1287 428 1627 495 propositum,
1668 427 1767 478 alia
1793 446 1947 478 causa
1972 427 2267 498 investigari
2301 446 2408 481 non

265 525 455 583 potest,
484 517 583 566 nisi
607 535 723 585 quae
748 535 779 566 a
802 516 1060 584 principio
1086 517 1210 569 tales
1235 528 1407 568 motus
1432 518 1795 585 procreaverit.

335 612 374 674 ᾗ.
404 614 452 658 2.
494 607 672 675 Hujus
697 607 901 678 generis
928 607 1062 659 foret
1088 607 1319 677 quaestio,
1359 608 1401 657 si
1427 618 1745 677 quaereretur
1771 626 1923 659 causa
1947 605 2118 658 motus
2142 607 2407 678 vertiginis

261 695 589 764 planetarum
626 715 686 747 ac
732 697 895 758 Solis3
948 696 1033 748 hic
1072 698 1211 748 enim
1249 697 1508 748 sufficeret
1545 716 1658 749 eam
1696 715 1904 748 causam
1940 697 2242 766 assignasse,
2289 715 2406 765 quae

258 785 405 836 initio
442 785 537 835 hos
575 795 746 837 motus
783 786 1130 855 produxisset,
1172 784 1292 838 cum
1332 786 1424 838 Sol
1460 786 1607 856 aeque
1644 805 1704 837 ac
1742 786 1966 854 planetae
2006 786 2162 836 talem
2204 796 2404 837 motum

261 875 418 925 semel
456 876 720 927 consecuti
759 876 981 928 eundem
1018 875 1229 945 propria
1268 877 1319 929 vi
1354 876 1608 946 perpetuo
1634 895 1937 928 conservare
1962 876 2199 940 debeant,
2236 895 2403 947 neque

259 962 325 1013 ad
351 961 451 1013 hoc
477 963 862 1031 phaenomenon
890 966 1256 1035 explicandum
1283 966 1359 1017 vis
1386 967 1492 1017 ulla
1522 976 1736 1017 externa
1761 966 1912 1017 etiam
1939 984 2077 1016 nunc
2103 965 2294 1018 durans
2320 985 2401 1018 re-

257 1051 503 1119 quiratur.
581 1053 767 1124 Longe
803 1055 951 1107 aliter
977 1074 1031 1107 se
1056 1074 1138 1107 res
1163 1055 1336 1118 habet,
1378 1057 1421 1107 si
1457 1066 1628 1106 motus
1664 1066 1987 1124 proponatur
2011 1075 2178 1126 neque
2204 1056 2400 1107 unifor-

253 1140 367 1202 mis,
415 1158 583 1210 neque
627 1142 681 1192 in
732 1142 987 1195 directum
1034 1144 1342 1212 procedens,
1398 1143 1687 1213 cujusmodi
1729 1153 1806 1195 est
1855 1153 2025 1195 motus
2074 1144 2400 1212 planetarum

250 1231 546 1300 periodicus
573 1232 708 1284 circa
737 1233 944 1286 Solem:
983 1234 1085 1287 hoc
1116 1236 1253 1287 enim
1281 1254 1403 1287 casu
1435 1234 1646 1287 minime
1672 1236 1858 1288 sufficit
1883 1255 1943 1288 ea
1966 1236 2059 1300 vis,
2099 1254 2216 1306 quae
2251 1237 2398 1287 initio

249 1323 481 1390 planetas
525 1325 593 1376 ad
629 1325 920 1378 istiusmodi
955 1337 1128 1379 motus
1164 1328 1442 1397 impulerit,
1485 1329 1577 1380 sed
1611 1328 1865 1398 perpetuo
1902 1348 2051 1381 novae
2088 1331 2276 1381 virium
2313 1349 2397 1381 ac-

250 1413 416 1465 tiones
453 1415 803 1484 requiruntur,
845 1436 876 1468 a
902 1418 1087 1486 quibus
1114 1427 1221 1468 tam
1247 1418 1479 1469 celeritas
1506 1416 1661 1487 quam
1687 1418 1902 1475 directio
1929 1417 2173 1470 continuo
2210 1419 2396 1470 immu-

248 1511 411 1554 tetur:
476 1522 592 1572 quae
629 1505 780 1568 vires,
827 1504 983 1575 quam
1022 1505 1250 1574 primum
1288 1517 1561 1569 cessarent,
1592 1506 1762 1558 subito
1787 1507 2009 1574 planetae
2047 1507 2239 1558 orbitas
2277 1526 2393 1558 suas

249 1592 563 1657 desererent,
605 1606 758 1665 atque
795 1597 851 1646 in
877 1597 1129 1648 directum
1155 1607 1300 1648 motu
1326 1597 1567 1666 aequabili
1605 1597 1882 1648 avolarent.
1965 1595 2125 1658 Quod
2151 1597 2193 1648 si
2233 1597 2393 1667 igitur

245 1680 631 1749 phaenomenon
671 1685 1018 1755 quodcunque
1054 1696 1255 1737 naturae
1297 1696 1636 1755 proponatur,
1682 1685 1800 1736 ante
1845 1687 2016 1736 omnia
2058 1686 2272 1737 sollicite
2317 1697 2394 1738 est

250 1774 632 1844 inquirendum,
674 1778 742 1828 ad
780 1778 1042 1847 quodnam
1080 1797 1244 1849 genus
1271 1778 1326 1829 id
1349 1778 1605 1847 pertineat
1630 1787 1783 1847 atque
1809 1787 1983 1828 utrum
2009 1795 2163 1828 causa
2188 1778 2241 1827 iu
2267 1779 2390 1829 viri-

245 1864 343 1915 bus
389 1867 615 1918 externis
660 1868 725 1918 sit
768 1869 1066 1937 quaerenda,
1119 1888 1186 1920 an
1235 1869 1289 1920 in
1338 1869 1451 1937 ipso
1495 1869 1727 1937 subjecto
1772 1867 2029 1936 corpore?
2091 1868 2392 1929 Quinetiam
2442 1881 2445 1916 ί

246 1954 605 2022 saepenumero
642 1975 740 2006 usu
776 1958 951 2009 venire
988 1967 1174 2027 potest,
1216 1968 1274 2009 ut
1315 1958 1524 2010 effectus
1563 1958 1829 2027 utriusque
1872 1957 2076 2028 generis
2119 1958 2173 2008 in
2210 1958 2393 2023 eodem

245 2042 593 2112 phaenomeno
630 2044 854 2097 multum
891 2047 993 2098 sint
1016 2047 1153 2099 inter
1181 2066 1234 2099 se
1258 2047 1535 2115 permixti3
1576 2066 1679 2116 quo
1706 2065 1828 2097 casu
1854 2064 2054 2096 summo
2081 2046 2251 2097 studio
2287 2047 2323 2096 ii
2360 2066 2391 2097 a

247 2152 301 2184 se
344 2134 565 2185 invicem
610 2135 835 2187 discerni
883 2135 1001 2188 ante
1051 2136 1330 2199 debebunt,
1384 2134 1539 2205 quam
1582 2153 1852 2186 causarum
1905 2134 2230 2204 investigatio
2279 2153 2391 2186 sus-

245 2225 482 2293 cipiatur.

317 2321 354 2382 §.
385 2325 433 2367 3.
476 2317 580 2368 His
619 2316 716 2369 rite
752 2318 1020 2387 perpensis
1058 2317 1332 2387 explicatio
1373 2317 1579 2380 Galilei,
1624 2335 1778 2387 quam
1816 2316 1870 2367 in
1908 2316 2011 2367 suis
2047 2313 2286 2385 Dialogis
2323 2314 2390 2365 de

245 2403 402 2455 AEstu
433 2405 599 2456 Maris
627 2407 890 2476 assignare
916 2416 994 2459 est
1019 2417 1248 2469 conatus,
1276 2425 1401 2457 mox
1427 2406 1682 2467 concidit3
1718 2405 1919 2474 putavit
1945 2405 2081 2456 enim
2104 2405 2302 2455 fluxum
2330 2422 2391 2455 ac

243 2496 502 2547 refluxum
527 2498 682 2548 maris
709 2496 911 2549 tantum
939 2518 969 2549 a
993 2498 1217 2549 motibus
1246 2497 1428 2548 Terrae
1454 2497 1702 2548 rotatorio
1723 2497 1858 2547 circa
1877 2513 2028 2545 axem
2049 2504 2100 2545 et
2123 2494 2390 2562 periodico

246 2587 383 2639 circa
414 2588 589 2640 Solem
615 2589 755 2652 oriri,
796 2584 1101 2659 neque’aliis
1126 2589 1320 2640 viribus
1345 2589 1503 2640 tribui
1534 2601 1791 2657 oportere,
1831 2587 1929 2637 nisi
1955 2602 2071 2655 quae
2096 2585 2192 2636 hos
2217 2596 2388 2637 motus

242 2674 355 2728 tum
379 2677 687 2746 producant,
716 2677 836 2730 cum
862 2688 1179 2730 conservent.
1255 2678 1495 2747 Namque
1522 2679 1564 2729 si
1588 2695 1841 2747 ponamus
1862 2675 2083 2728 Terram
2109 2675 2219 2726 solo
2243 2684 2389 2726 motu

244 2768 433 2819 diurno
475 2788 585 2820 esse
625 2770 915 2837 praeditam,
958 2769 1054 2821 iste
1095 2779 1267 2822 motus
1306 2788 1449 2821 mare
1491 2770 1638 2821 aliter
1679 2788 1786 2821 non
1824 2768 2025 2831 afficiet,
2065 2767 2165 2818 nisi
2201 2766 2256 2818 id
2292 2766 2389 2818 sub

242 2867 506 2927 aequatore
532 2857 832 2922 attollendo,
870 2877 937 2911 ex
963 2878 1067 2929 quo
1093 2859 1263 2930 figura
1301 2859 1484 2910 Terrae
1510 2857 1853 2927 sphaeroidica
1890 2875 2185 2925 compressa
2221 2855 2388 2907 nasci-

243 2959 346 3011 tur,
387 2960 558 3001 motus
597 2950 720 3001 vero
746 2952 1042 3020 reciprocus
1081 2950 1135 3002 in
1172 2951 1303 3001 mari
1340 2948 1552 3001 omnino
1577 2949 1749 3001 nullus
1774 2948 1897 2999 hinc
1921 2946 2157 3019 generari
2179 2945 2386 3016 poterit.

245 3036 408 3099 Quod
434 3040 477 3089 si
515 3049 687 3091 autem
713 3039 897 3091 Terrae
922 3040 1134 3108 insuper
1158 3049 1357 3091 motum
1383 3040 1692 3110 aequabilem
1725 3039 1779 3089 in
1805 3038 2057 3089 directum
2082 3035 2385 3099 tribuamus,

241 3129 419 3196 priora
447 3128 794 3198 phaenomena
817 3130 963 3181 nullo
988 3131 1146 3182 modo
1172 3131 1474 3193 afficientur,
1516 3130 1608 3182 sed
1643 3128 1855 3199 prorsus
1881 3128 2061 3180 eadem
2086 3128 2385 3190 manebunt,

244 3218 686 3286 quemadmodum
724 3239 791 3272 ex
825 3221 1091 3291 principiis
1117 3222 1434 3274 mechanicis
1461 3220 1739 3274 clarissime
1774 3220 1997 3290 perspici
2030 3220 2165 3283 licet,
2200 3220 2387 3290 quibus

244 3319 445 3361 constat
468 3321 668 3362 motum
694 3312 1006 3365 uniformem
1030 3314 1085 3364 in
1111 3313 1364 3365 directum
1390 3314 1628 3364 omnibus
1653 3311 1886 3381 partibus
1913 3310 2198 3380 systematis
2219 3311 2388 3378 cujus·-

246 3413 451 3466 cunque
495 3418 774 3468 corporum
818 3402 1085 3472 aequaliter
1127 3402 1437 3470 impressum
1474 3400 1671 3452 nullam
1713 3396 1926 3450 omnino
1960 3399 2298 3450 mutationem
2333 3397 2389 3447 in

242 3496 388 3539 motu
426 3498 480 3539 et
516 3490 615 3542 situ
652 3493 878 3560 partium
911 3493 1123 3545 relativo
1161 3492 1367 3545 inferre.
1443 3492 1615 3544 Abeat
1639 3509 1779 3543 nunc
1804 3500 1975 3542 motus
2001 3490 2097 3541 iste
2122 3487 2388 3558 aequabilis

244 3577 429 3630 Terrae
453 3578 509 3629 in
534 3580 789 3633 directum
813 3583 1094 3652 impressus
1120 3582 1174 3634 in
1195 3582 1497 3634 circularem
1515 3581 1597 3633 vel
1623 3580 1906 3649 ellipticum
1930 3598 2023 3649 per
2048 3580 2182 3631 vires
2202 3578 2388 3648 quibus

245 3669 415 3723 Terra
448 3671 704 3738 perpetuo
741 3674 809 3725 ad
849 3674 1024 3726 Solem
1063 3684 1305 3744 urgetur3
1346 3691 1405 3724 ac
1442 3691 1508 3723 ne
1541 3671 1644 3722 hoc
1668 3671 1877 3740 quidem
1904 3688 2025 3722 casu
2049 3668 2185 3720 ullus
2217 3677 2387 3720 motus

243 3761 541 3829 reciprocus
580 3760 635 3811 in
678 3763 809 3813 mari
847 3765 1067 3832 produci
1111 3765 1335 3833 poterit3
1376 3763 1516 3833 quod
1552 3760 1670 3814 cum
1703 3781 1798 3831 per
1836 3781 1890 3814 se
1926 3771 2003 3813 est
2038 3760 2386 3828 perspicuum,

245 3848 359 3902 tum
386 3849 539 3901 etiam
575 3850 640 3901 ab
678 3850 792 3918 ipso
821 3852 1026 3905 Galileo
1050 3872 1158 3905 non
1185 3854 1451 3919 statuitur:
1491 3853 1600 3921 ipse
1627 3853 1762 3904 enim
1789 3869 1895 3902 non
1921 3848 2027 3902 tam
2053 3867 2119 3902 ex
2142 3839 2389 3900 mixtione
2428 3880 2431 3883 »
