2528 4172
177 282 308 334 CAP.
338 281 439 346 ΙΙ.]
790 280 898 332 AD
937 278 1308 331 TERTIUM
1348 276 1679 339 LIBRUM.
2173 282 2319 333 xxvii

175 425 226 477 A
251 445 284 495 q
312 425 378 488 T,
420 424 491 476 ita
520 444 553 494 q
579 424 631 476 T
655 423 721 475 ad
748 424 798 475 A
825 423 891 486 T,
919 423 1140 491 ideoque
1168 441 1233 472 ex
1258 438 1425 490 aequo,
1469 421 1610 472 sinus
1643 419 1969 489 parallaxeos
2004 422 2055 472 A
2084 421 2137 483 Q
2166 422 2217 473 T
2245 433 2321 473 est

168 513 237 565 ad
276 515 446 564 sinum
481 512 805 581 parallaxeos
844 502 967 580 A'q
1008 510 1059 561 T
1097 520 1154 561 ut
1191 528 1225 579 q
1263 509 1315 560 T
1341 508 1406 559 ad
1436 509 1488 569 Q
1517 508 1583 559 T.
1662 509 1747 560 Ex
1773 500 1876 578 quo
1903 509 2059 560 etiam
2088 510 2320 579 sequitur

171 604 399 656 siderum
435 603 489 653 in
526 601 707 653 eadem
745 600 1015 652 altitudine
1052 609 1335 668 apparente
1372 599 1725 662 existentium,
1753 598 1906 669 hujus
1932 601 2183 669 majorem
2208 610 2320 653 esse

170 693 473 763 parallaxim
502 691 642 761 quod
666 689 836 741 minus
863 689 1018 741 distat
1042 709 1073 740 a
1098 699 1276 741 centro
1302 698 1471 740 terrae.

241 792 326 837 33.
368 782 654 835 Parallaxis
695 779 996 843 altitudinis,
1038 780 1114 830 uti
1154 779 1220 830 de
1264 777 1575 831 refractione
1618 778 1814 830 dictum
1856 790 1950 844 est,
2003 780 2187 833 sideris
2228 781 2320 834 de-

167 873 510 934 clinationem,
562 871 914 923 ascensionem
963 879 1174 931 rectam,
1227 869 1610 940 longitudinem
1655 878 1706 921 et
1748 869 2077 923 latitudinem
2119 882 2315 935 mutat3

166 973 218 1016 et
254 964 436 1015 eodem
472 962 636 1014 modo
674 981 778 1032 quo
815 980 881 1012 ex
918 960 1224 1012 refractione
1264 960 1551 1013 altitudinis
1597 961 1934 1014 inveniuntur
1974 964 2090 1015 aliae
2127 963 2319 1015 refrac-

165 1054 366 1107 tionum
390 1053 601 1122 species,
631 1053 703 1103 sic
729 1069 795 1103 ex
821 1050 940 1103 data
968 1050 1224 1120 parallaxi
1250 1050 1535 1102 altitudinis
1563 1062 1817 1103 eruuntur
1841 1054 2132 1122 parallaxes
2159 1054 2319 1107 decli-

163 1144 402 1206 nationis,
455 1142 766 1194 ascensionis
819 1152 990 1205 rectae‚
1043 1141 1384 1212 longitudinis
1435 1152 1486 1194 et
1538 1142 1856 1207 latitudinis3
1923 1146 2050 1197 illud
2110 1166 2318 1217 quoque

163 1233 542 1286 observandum
580 1242 656 1284 est
693 1231 874 1283 sideris
911 1232 964 1282 in
998 1231 1284 1282 meridiano
1323 1231 1590 1284 existentis
1618 1233 1814 1285 nullam
1853 1253 1965 1286 esse
2003 1236 2318 1288 ascensionis

162 1337 318 1378 rectae
355 1325 715 1377 refractionem
748 1342 845 1376 nec
880 1323 1216 1392 parallaxim3
1260 1321 1381 1374 cum
1422 1323 1560 1376 enim
1594 1323 1880 1377 altitudinis
1906 1325 2147 1379 refractio
2174 1327 2318 1379 sidus

164 1417 379 1481 attollat,
431 1427 482 1469 et
531 1415 812 1469 altitudinis
861 1414 1140 1485 parallaxis
1182 1413 1313 1465 illud
1365 1414 1638 1484 deprimat,
1691 1416 1746 1467 in
1791 1417 1977 1469 eodem
2026 1418 2318 1470 meridiano

164 1493 256 1559 seu
295 1506 489 1559 circulo
531 1505 887 1558 declinationis
934 1509 1049 1574 (per
1089 1505 1236 1576 hyp.)
1282 1505 1515 1557 ascensio
1559 1517 1701 1558 recta
1742 1507 1865 1560 inde
1891 1511 2020 1561 'non
2062 1520 2312 1562 mutatur.

168 1596 415 1651 Similiter
457 1598 501 1648 si
544 1596 766 1649 circulus
802 1596 1057 1648 verticalis
1095 1595 1150 1646 in
1188 1615 1292 1666 quo
1329 1596 1471 1647 sidus
1510 1597 1767 1666 reperitur
1811 1599 1876 1651 sit
1918 1600 1986 1653 ad
2026 1601 2318 1670 eclipticam

161 1689 624 1758 perpendicularis,
653 1689 798 1740 nulla
822 1689 919 1740 erit
944 1687 1284 1759 longitudinis
1312 1687 1553 1740 refractio
1578 1689 1823 1760 nullaque
1848 1692 2158 1760 parallaxi53
2194 1712 2317 1745 nam

161 1778 217 1828 in
240 1777 341 1829 hoc
367 1797 489 1830 casu
515 1777 737 1829 circulus
763 1776 1019 1829 verticalis
1047 1786 1125 1829 est
1150 1777 1304 1828 simul
1331 1777 1553 1829 circulus
1579 1778 1885 1844 latitudinis,
1929 1790 1980 1833 et
2006 1781 2236 1834 siderum
2261 1782 2318 1834 in

162 1868 344 1920 eodem
369 1868 653 1920 latitudinis
682 1868 876 1919 circulo
903 1867 1235 1919 existentium
1261 1867 1536 1938 longitudo
1563 1879 1640 1921 est
1665 1870 1862 1922 eadem.

236 1965 321 2010 34.
360 1957 502 2011 Data
539 1957 825 2010 differentia
864 1956 1205 2028 longitudinis
1241 1957 1476 2008 locorum
1515 1957 1738 2010 duorum
1764 1960 1819 2011 in
1845 1961 2118 2030 superficie
2143 1972 2313 2027 terrae,

163 2066 257 2100 seu
299 2048 422 2101 dato
465 2067 588 2100 arcu
632 2048 911 2118 aequatoris
956 2049 1091 2100 inter
1129 2048 1367 2099 locorum
1404 2048 1612 2101 illorum
1650 2051 1963 2104 meridianos
2007 2054 2312 2124 intercepto,

165 2138 318 2190 datur
354 2148 559 2208 tempus
598 2157 702 2208 quo
743 2138 834 2191 Sol
869 2138 951 2189 vel
988 2138 1134 2190 stella
1159 2137 1266 2189 fixa
1292 2138 1357 2189 ab
1383 2157 1489 2191 uno
1515 2141 1804 2193 meridiano
1831 2143 1898 2194 ad
1924 2144 2144 2195 alterum
2169 2156 2316 2197 motu

163 2227 352 2279 diurno
388 2227 572 2279 transit
608 2228 757 2297 (16);
797 2237 849 2279 et
883 2226 1006 2279 inde
1044 2226 1251 2279 definiri
1286 2237 1460 2296 potest
1496 2239 1674 2282 utrum
1708 2232 2096 2287 observationes
2131 2235 2313 2288 inillis

165 2315 369 2367 duobus
407 2315 534 2368 locis
570 2315 781 2380 habitae,
822 2315 1173 2384 respondeant
1206 2315 1375 2368 eidem
1408 2318 1657 2385 temporis
1699 2319 1923 2372 absoluti
1956 2333 2222 2375 momento
2248 2344 2316 2377 an

160 2425 284 2459 non.
379 2407 552 2459 Facile
597 2407 736 2459 idem
779 2407 1058 2459 innotescit
1102 2426 1198 2476 per
1242 2408 1413 2460 Lunae
1458 2418 1510 2460 et
1551 2409 1695 2462 Jovis
1740 2412 2018 2465 satellitum
2063 2416 2279 2485 eclipses
2298 2437 2313 2480 3

163 2497 348 2549 eodem
381 2498 520 2549 enim
556 2508 819 2549 momento
859 2497 1106 2566 temporis
1145 2497 1347 2566 eclipsis
1373 2497 1471 2548 ini-

161 2588 291 2640 tium
315 2606 375 2640 ac
397 2576 537 2652 finis,
572 2599 623 2640 et
641 2589 962 2640 macularum
985 2589 1038 2639 in
1060 2587 1213 2640 Luna
1233 2598 1475 2640 notarum

161 2679 423 2730 immersio
452 2679 507 2729 in
532 2679 769 2730 umbram
808 2679 886 2731 vel
929 2679 1149 2730 emersio
1187 2698 1252 2730 ex
1289 2678 1473 2731 umbra

163 2786 230 2820 ex
269 2768 508 2821 omnibus
552 2780 705 2821 terrae
742 2769 869 2822 locis
909 2767 1048 2821 unde
1088 2770 1318 2839 conspici
1353 2788 1474 2838 pos-

164 2868 283 2910 sunt
322 2859 573 2923 videntur,
614 2859 767 2930 atque
795 2878 863 2912 ex
887 2859 969 2911 his
996 2860 1354 2928 pliaenomenis
1375 2859 1472 2911 dif-

164 2947 381 3001 ferentia
416 2949 755 3020 longitudinis
799 2949 1036 3001 locorum
1081 2950 1470 3003 determinatur.

168 3038 273 3090 His
291 3040 469 3108 positis
486 3041 528 3091 si
545 3059 612 3092 ex
629 3041 756 3092 locis
777 3040 981 3093 duobus
1003 3040 1055 3092 A
1081 3050 1132 3092 et
1159 3041 1222 3104 B,
1246 3060 1469 3111 quorum

171 3127 413 3181 distantia
453 3130 506 3182 A
545 3132 601 3184 D
648 3131 695 3183 B
738 3131 859 3183 data
893 3142 985 3194 est,
1024 3131 1358 3200 phaenomeni
1390 3132 1472 3184 vel

169 3217 346 3272 sideris
387 3220 432 3271 P
469 3221 523 3271 in
559 3221 717 3290 plano
745 3221 972 3273 verticali
999 3222 1050 3274 A
1080 3222 1124 3273 P
1152 3222 1199 3273 B
1227 3222 1294 3286 Τ,
1334 3224 1471 3274 exis-

167 3308 319 3359 tentis
355 3309 652 3363 altitudines
688 3321 1071 3380 apparentes'et
1096 3332 1126 3363 a
1150 3312 1470 3365 refractioni-

171 3397 268 3448 bus
293 3397 469 3451 liberae
495 3400 779 3452 observatae
804 3400 996 3453 fuerint
1014 3402 1197 3453 eodem
1217 3412 1466 3472 tempore,

164 3487 384 3538 inveniri
424 3490 614 3557 poterit
652 3491 832 3559 puncti
873 3491 918 3543 P
954 3492 1232 3560 parallaxis
1272 3502 1322 3544 et
1365 3493 1470 3545 dis-

149 3577 326 3651 tantia
352 3597 382 3628 a
407 3589 583 3631 centro
608 3589 761 3632 terrae
789 3582 833 3633 P
861 3582 929 3633 T.
975 3607 978 3609 “
1007 3582 1146 3633 Nam
1171 3601 1266 3651 per
1291 3583 1468 3635 obser-

165 3665 423 3718 vationem
465 3668 746 3723 altitudinis
796 3672 1089 3741 apparentis
1133 3673 1188 3723 in
1230 3673 1346 3724 loco
1391 3673 1459 3737 A,

169 3756 320 3810 datur
358 3760 578 3831 angulus
621 3761 667 3814 C
697 3763 748 3814 A
778 3763 839 3828 P,
879 3764 1123 3817 distantia
1156 3782 1410 3835 apparens
1437 3764 1618 3818 sideris
1651 3785 1683 3818 a
1717 3766 1908 3820 vertice
1933 3775 1985 3819 et
2007 3765 2130 3820 inde
2155 3767 2306 3820 datur
