<?xml version="1.0" encoding="UTF-8"?>
<!DOCTYPE html PUBLIC "-//W3C//DTD XHTML 1.0 Transitional//EN"
    "http://www.w3.org/TR/xhtml1/DTD/xhtml1-transitional.dtd">
<html xmlns="http://www.w3.org/1999/xhtml" xml:lang="en" lang="en">
 <head>
  <title>
</title>
<meta http-equiv="Content-Type" content="text/html;charset=utf-8" />
  <meta name='ocr-system' content='tesseract 3.04.00' />
  <meta name='ocr-capabilities' content='ocr_page ocr_carea ocr_par ocr_line ocrx_word'/>
</head>
<body>
  <div class='ocr_page' id='page_1' title='image "./philonatrualprin03newtrich_0326.png"; bbox 0 0 2528 4172; ppageno 0'>
   <div class='ocr_carea' id='block_1_1' title="bbox 246 249 1953 334">
    <p class='ocr_par' dir='ltr' id='par_1_1' title="bbox 246 249 1953 334">
     <span class='ocr_line' id='line_1_1' title="bbox 246 249 1953 334; baseline -0.011 -15"><span class='ocrx_word' id='word_1_1' title='bbox 246 271 351 321; x_wconf 76' lang='lat'>278</span> <span class='ocrx_word' id='word_1_2' title='bbox 648 261 1090 330; x_wconf 84' lang='lat' dir='ltr'><strong>INQUISITIO</strong></span> <span class='ocrx_word' id='word_1_3' title='bbox 1129 255 1468 334; x_wconf 83' lang='lat' dir='ltr'>PHYSICA</span> <span class='ocrx_word' id='word_1_4' title='bbox 1506 253 1589 307; x_wconf 93' lang='lat' dir='ltr'>IN</span> <span class='ocrx_word' id='word_1_5' title='bbox 1630 249 1953 304; x_wconf 88' lang='lat' dir='ltr'>CAUSAM</span> 
     </span>
    </p>
   </div>
   <div class='ocr_carea' id='block_1_2' title="bbox 241 394 2380 1640">
    <p class='ocr_par' dir='ltr' id='par_1_2' title="bbox 241 394 2380 1640">
     <span class='ocr_line' id='line_1_2' title="bbox 244 394 2364 476; baseline -0.007 -16"><span class='ocrx_word' id='word_1_6' title='bbox 244 407 310 459; x_wconf 94' lang='lat' dir='ltr'>M</span> <span class='ocrx_word' id='word_1_7' title='bbox 331 407 378 459; x_wconf 94' lang='lat' dir='ltr'>L</span> <span class='ocrx_word' id='word_1_8' title='bbox 397 407 450 459; x_wconf 92' lang='lat' dir='ltr'><strong>K</strong></span> <span class='ocrx_word' id='word_1_9' title='bbox 474 406 748 476; x_wconf 86' lang='lat' dir='ltr'>parallelus</span> <span class='ocrx_word' id='word_1_10' title='bbox 774 405 1040 475; x_wconf 86' lang='lat' dir='ltr'>aequatori,</span> <span class='ocrx_word' id='word_1_11' title='bbox 1067 405 1119 454; x_wconf 92' lang='lat' dir='ltr'>in</span> <span class='ocrx_word' id='word_1_12' title='bbox 1148 421 1251 473; x_wconf 93' lang='lat' dir='ltr'>quo</span> <span class='ocrx_word' id='word_1_13' title='bbox 1276 402 1430 454; x_wconf 89' lang='lat' dir='ltr'>Luna</span> <span class='ocrx_word' id='word_1_14' title='bbox 1447 402 1556 470; x_wconf 89' lang='lat' dir='ltr'>jam</span> <span class='ocrx_word' id='word_1_15' title='bbox 1580 407 1726 450; x_wconf 87' lang='lat' dir='ltr'>motu</span> <span class='ocrx_word' id='word_1_16' title='bbox 1751 397 1938 448; x_wconf 90' lang='lat' dir='ltr'>diurno</span> <span class='ocrx_word' id='word_1_17' title='bbox 1963 394 2364 459; x_wconf 79' lang='lat' dir='ltr'>circumferatur,</span> 
     </span>
     <span class='ocr_line' id='line_1_3' title="bbox 242 489 2369 569; baseline -0.006 -19"><span class='ocrx_word' id='word_1_18' title='bbox 242 509 395 569; x_wconf 89' lang='lat' dir='ltr'>atque</span> <span class='ocrx_word' id='word_1_19' title='bbox 419 499 518 550; x_wconf 92' lang='lat' dir='ltr'>hoc</span> <span class='ocrx_word' id='word_1_20' title='bbox 536 508 799 549; x_wconf 89' lang='lat' dir='ltr'>momento</span> <span class='ocrx_word' id='word_1_21' title='bbox 819 497 1105 566; x_wconf 85' lang='lat' dir='ltr'>reperiatur</span> <span class='ocrx_word' id='word_1_22' title='bbox 1125 496 1278 547; x_wconf 92' lang='lat' dir='ltr'>Luna</span> <span class='ocrx_word' id='word_1_23' title='bbox 1295 495 1350 545; x_wconf 91' lang='lat' dir='ltr'>in</span> <span class='ocrx_word' id='word_1_24' title='bbox 1370 494 1418 546; x_wconf 94' lang='lat' dir='ltr'>L</span> <span class='ocrx_word' id='word_1_25' title='bbox 1425 513 1440 556; x_wconf 82' lang='lat'><em>3</em></span> <span class='ocrx_word' id='word_1_26' title='bbox 1467 493 1663 562; x_wconf 89' lang='lat' dir='ltr'>eritque</span> <span class='ocrx_word' id='word_1_27' title='bbox 1681 500 1900 557; x_wconf 88' lang='lat' dir='ltr'>tempus,</span> <span class='ocrx_word' id='word_1_28' title='bbox 1919 507 2021 558; x_wconf 92' lang='lat' dir='ltr'>quo</span> <span class='ocrx_word' id='word_1_29' title='bbox 2038 489 2191 539; x_wconf 88' lang='lat' dir='ltr'>Luna</span> <span class='ocrx_word' id='word_1_30' title='bbox 2206 489 2369 551; x_wconf 81' lang='lat' dir='ltr'>velex</span> 
     </span>
     <span class='ocr_line' id='line_1_4' title="bbox 241 571 1403 656; baseline -0.005 -15"><span class='ocrx_word' id='word_1_31' title='bbox 241 589 291 641; x_wconf 93' lang='lat' dir='ltr'>L</span> <span class='ocrx_word' id='word_1_32' title='bbox 317 590 383 640; x_wconf 89' lang='lat' dir='ltr'>ad</span> <span class='ocrx_word' id='word_1_33' title='bbox 407 589 747 640; x_wconf 89' lang='lat' dir='ltr'>meridianum</span> <span class='ocrx_word' id='word_1_34' title='bbox 775 588 840 639; x_wconf 93' lang='lat' dir='ltr'>M</span> <span class='ocrx_word' id='word_1_35' title='bbox 873 571 1110 656; x_wconf 79' lang='lat' dir='ltr'>appellet,</span> <span class='ocrx_word' id='word_1_36' title='bbox 1150 586 1232 637; x_wconf 89' lang='lat' dir='ltr'>vel</span> <span class='ocrx_word' id='word_1_37' title='bbox 1257 585 1403 636; x_wconf 89' lang='lat' dir='ltr'>vicis-</span> 
     </span>
     <span class='ocr_line' id='line_1_5' title="bbox 242 676 1404 747; baseline -0.003 -19"><span class='ocrx_word' id='word_1_38' title='bbox 242 679 337 729; x_wconf 88' lang='lat' dir='ltr'>sim</span> <span class='ocrx_word' id='word_1_39' title='bbox 362 697 393 728; x_wconf 91' lang='lat' dir='ltr'>a</span> <span class='ocrx_word' id='word_1_40' title='bbox 416 677 701 728; x_wconf 86' lang='lat' dir='ltr'>meridiano</span> <span class='ocrx_word' id='word_1_41' title='bbox 727 676 794 727; x_wconf 91' lang='lat' dir='ltr'>ad</span> <span class='ocrx_word' id='word_1_42' title='bbox 821 677 869 727; x_wconf 93' lang='lat' dir='ltr'>L</span> <span class='ocrx_word' id='word_1_43' title='bbox 893 677 1120 747; x_wconf 79' lang='lat' dir='ltr'>pertigit,</span> <span class='ocrx_word' id='word_1_44' title='bbox 1159 685 1217 726; x_wconf 91' lang='lat' dir='ltr'>ut</span> <span class='ocrx_word' id='word_1_45' title='bbox 1241 693 1404 744; x_wconf 84' lang='lat' dir='ltr'>angu-</span> 
     </span>
     <span class='ocr_line' id='line_1_6' title="bbox 241 751 1410 832; baseline -0.003 -16"><span class='ocrx_word' id='word_1_46' title='bbox 241 765 322 816; x_wconf 90' lang='lat' dir='ltr'>lus</span> <span class='ocrx_word' id='word_1_47' title='bbox 362 763 426 815; x_wconf 93' lang='lat' dir='ltr'><strong>M</strong></span> <span class='ocrx_word' id='word_1_48' title='bbox 454 764 499 815; x_wconf 92' lang='lat' dir='ltr'>P</span> <span class='ocrx_word' id='word_1_49' title='bbox 524 764 589 826; x_wconf 95' lang='lat' dir='ltr'>L,</span> <span class='ocrx_word' id='word_1_50' title='bbox 629 765 735 816; x_wconf 89' lang='lat' dir='ltr'>sive</span> <span class='ocrx_word' id='word_1_51' title='bbox 762 764 865 816; x_wconf 90' lang='lat' dir='ltr'>hoc</span> <span class='ocrx_word' id='word_1_52' title='bbox 889 751 1093 832; x_wconf 88' lang='lat' dir='ltr'>tempus</span> <span class='ocrx_word' id='word_1_53' title='bbox 1120 782 1173 814; x_wconf 85' lang='lat' dir='ltr'>se</span> <span class='ocrx_word' id='word_1_54' title='bbox 1198 762 1410 814; x_wconf 84' lang='lat' dir='ltr'>habebit</span> 
     </span>
     <span class='ocr_line' id='line_1_7' title="bbox 244 851 1405 920; baseline -0.003 -17"><span class='ocrx_word' id='word_1_55' title='bbox 244 853 310 904; x_wconf 90' lang='lat' dir='ltr'>ad</span> <span class='ocrx_word' id='word_1_56' title='bbox 358 863 561 920; x_wconf 89' lang='lat' dir='ltr'>tempus</span> <span class='ocrx_word' id='word_1_57' title='bbox 619 853 770 903; x_wconf 87' lang='lat' dir='ltr'>unius</span> <span class='ocrx_word' id='word_1_58' title='bbox 825 851 1157 903; x_wconf 80' lang='lat' dir='ltr'>revolutionis</span> <span class='ocrx_word' id='word_1_59' title='bbox 1220 851 1405 913; x_wconf 88' lang='lat' dir='ltr'>Lunae,</span> 
     </span>
     <span class='ocr_line' id='line_1_8' title="bbox 244 939 1406 1012; baseline -0.004 -18"><span class='ocrx_word' id='word_1_60' title='bbox 244 942 384 1012; x_wconf 91' lang='lat' dir='ltr'>quod</span> <span class='ocrx_word' id='word_1_61' title='bbox 433 951 510 993; x_wconf 88' lang='lat' dir='ltr'>est</span> <span class='ocrx_word' id='word_1_62' title='bbox 561 948 645 993; x_wconf 75' lang='lat'>24.</span> <span class='ocrx_word' id='word_1_63' title='bbox 686 941 934 992; x_wconf 91' lang='lat' dir='ltr'>horarum</span> <span class='ocrx_word' id='word_1_64' title='bbox 971 943 1073 993; x_wconf 78' lang='lat'>48&#39;.</span> <span class='ocrx_word' id='word_1_65' title='bbox 1112 941 1188 992; x_wconf 86' lang='lat' dir='ltr'>uti</span> <span class='ocrx_word' id='word_1_66' title='bbox 1224 958 1278 990; x_wconf 88' lang='lat' dir='ltr'>se</span> <span class='ocrx_word' id='word_1_67' title='bbox 1313 939 1406 990; x_wconf 88' lang='lat' dir='ltr'>ha-</span> 
     </span>
     <span class='ocr_line' id='line_1_9' title="bbox 242 1029 1408 1100; baseline -0.003 -19"><span class='ocrx_word' id='word_1_68' title='bbox 242 1031 330 1082; x_wconf 91' lang='lat' dir='ltr'>bet</span> <span class='ocrx_word' id='word_1_69' title='bbox 380 1029 598 1100; x_wconf 85' lang='lat' dir='ltr'>angulus</span> <span class='ocrx_word' id='word_1_70' title='bbox 655 1029 720 1082; x_wconf 90' lang='lat' dir='ltr'>M</span> <span class='ocrx_word' id='word_1_71' title='bbox 755 1030 800 1081; x_wconf 92' lang='lat' dir='ltr'>P</span> <span class='ocrx_word' id='word_1_72' title='bbox 835 1029 883 1080; x_wconf 94' lang='lat' dir='ltr'>L</span> <span class='ocrx_word' id='word_1_73' title='bbox 924 1029 990 1080; x_wconf 90' lang='lat' dir='ltr'>ad</span> <span class='ocrx_word' id='word_1_74' title='bbox 1032 1038 1252 1098; x_wconf 90' lang='lat' dir='ltr'>quatuor</span> <span class='ocrx_word' id='word_1_75' title='bbox 1299 1046 1408 1079; x_wconf 82' lang='lat' dir='ltr'>rec-</span> 
     </span>
     <span class='ocr_line' id='line_1_10' title="bbox 243 1117 1408 1189; baseline -0.001 -19"><span class='ocrx_word' id='word_1_76' title='bbox 243 1129 340 1170; x_wconf 76' lang='lat' dir='ltr'>tos·</span> <span class='ocrx_word' id='word_1_77' title='bbox 424 1119 502 1170; x_wconf 84' lang='lat' dir='ltr'>Sit</span> <span class='ocrx_word' id='word_1_78' title='bbox 538 1118 695 1189; x_wconf 87' lang='lat' dir='ltr'>igitur</span> <span class='ocrx_word' id='word_1_79' title='bbox 737 1118 913 1188; x_wconf 85' lang='lat' dir='ltr'>anguli</span> <span class='ocrx_word' id='word_1_80' title='bbox 956 1117 1022 1170; x_wconf 88' lang='lat' dir='ltr'>M</span> <span class='ocrx_word' id='word_1_81' title='bbox 1049 1117 1094 1169; x_wconf 93' lang='lat' dir='ltr'><strong>P</strong></span> <span class='ocrx_word' id='word_1_82' title='bbox 1121 1118 1169 1169; x_wconf 97' lang='lat' dir='ltr'>L</span> <span class='ocrx_word' id='word_1_83' title='bbox 1206 1118 1408 1169; x_wconf 90' lang='lat' dir='ltr'>cosinus</span> 
     </span>
     <span class='ocr_line' id='line_1_11' title="bbox 255 1204 1409 1277; baseline 0.004 -22"><span class='ocrx_word' id='word_1_84' title='bbox 255 1228 306 1255; x_wconf 89' lang='lat'>=</span> <span class='ocrx_word' id='word_1_85' title='bbox 353 1217 390 1270; x_wconf 89' lang='lat' dir='ltr'>t,</span> <span class='ocrx_word' id='word_1_86' title='bbox 431 1204 593 1259; x_wconf 79' lang='lat' dir='ltr'>sinus&#39;</span> <span class='ocrx_word' id='word_1_87' title='bbox 615 1207 910 1259; x_wconf 85' lang='lat' dir='ltr'>elevationis</span> <span class='ocrx_word' id='word_1_88' title='bbox 962 1207 1072 1277; x_wconf 90' lang='lat' dir='ltr'>poli</span> <span class='ocrx_word' id='word_1_89' title='bbox 1128 1208 1173 1259; x_wconf 94' lang='lat' dir='ltr'>P</span> <span class='ocrx_word' id='word_1_90' title='bbox 1218 1208 1269 1260; x_wconf 91' lang='lat' dir='ltr'>O</span> <span class='ocrx_word' id='word_1_91' title='bbox 1318 1227 1409 1260; x_wconf 88' lang='lat' dir='ltr'>seu</span> 
     </span>
     <span class='ocr_line' id='line_1_12' title="bbox 246 1299 1407 1369; baseline 0.003 -19"><span class='ocrx_word' id='word_1_92' title='bbox 246 1301 385 1351; x_wconf 87' lang='lat' dir='ltr'>sinus</span> <span class='ocrx_word' id='word_1_93' title='bbox 428 1299 575 1352; x_wconf 69' lang='lat' dir='ltr'>arcus</span> <span class='ocrx_word' id='word_1_94' title='bbox 621 1301 666 1353; x_wconf 93' lang='lat' dir='ltr'>P</span> <span class='ocrx_word' id='word_1_95' title='bbox 705 1301 748 1352; x_wconf 97' lang='lat' dir='ltr'>Z</span> <span class='ocrx_word' id='word_1_96' title='bbox 795 1321 847 1348; x_wconf 94' lang='lat'><strong><em>=</em></strong></span> <span class='ocrx_word' id='word_1_97' title='bbox 891 1319 945 1369; x_wconf 93' lang='lat' dir='ltr'>p,</span> <span class='ocrx_word' id='word_1_98' title='bbox 974 1301 1200 1351; x_wconf 80' lang='lat' dir='ltr'>&#39;cosinus</span> <span class='ocrx_word' id='word_1_99' title='bbox 1240 1329 1297 1348; x_wconf 90' lang='lat'>=</span> <span class='ocrx_word' id='word_1_100' title='bbox 1345 1302 1407 1364; x_wconf 93' lang='lat' dir='ltr'>P,</span> 
     </span>
     <span class='ocr_line' id='line_1_13' title="bbox 247 1390 1410 1443; baseline 0.002 -2"><span class='ocrx_word' id='word_1_101' title='bbox 247 1409 307 1441; x_wconf 89' lang='lat' dir='ltr'>ac</span> <span class='ocrx_word' id='word_1_102' title='bbox 362 1390 502 1441; x_wconf 83' lang='lat' dir='ltr'>sinus</span> <span class='ocrx_word' id='word_1_103' title='bbox 558 1390 913 1443; x_wconf 85' lang='lat' dir='ltr'>declinationis</span> <span class='ocrx_word' id='word_1_104' title='bbox 971 1391 1140 1443; x_wconf 88' lang='lat' dir='ltr'>Lunae</span> <span class='ocrx_word' id='word_1_105' title='bbox 1191 1391 1410 1443; x_wconf 88' lang='lat' dir='ltr'>borealis</span> 
     </span>
     <span class='ocr_line' id='line_1_14' title="bbox 252 1479 1409 1549; baseline 0 -18"><span class='ocrx_word' id='word_1_106' title='bbox 252 1508 309 1526; x_wconf 90' lang='lat'>=</span> <span class='ocrx_word' id='word_1_107' title='bbox 369 1479 437 1543; x_wconf 85' lang='lat' dir='ltr'>Q,</span> <span class='ocrx_word' id='word_1_108' title='bbox 490 1481 578 1549; x_wconf 92' lang='lat' dir='ltr'>qui</span> <span class='ocrx_word' id='word_1_109' title='bbox 639 1480 778 1532; x_wconf 90' lang='lat' dir='ltr'>idem</span> <span class='ocrx_word' id='word_1_110' title='bbox 838 1490 916 1532; x_wconf 85' lang='lat' dir='ltr'>est</span> <span class='ocrx_word' id='word_1_111' title='bbox 964 1481 1105 1532; x_wconf 90' lang='lat' dir='ltr'>sinus</span> <span class='ocrx_word' id='word_1_112' title='bbox 1155 1481 1409 1532; x_wconf 88' lang='lat' dir='ltr'>distantiae</span> 
     </span>
     <span class='ocr_line' id='line_1_15' title="bbox 249 1568 2380 1640; baseline -0.001 -21"><span class='ocrx_word' id='word_1_113' title='bbox 249 1568 419 1620; x_wconf 82' lang='lat' dir='ltr'>Lunae</span> <span class='ocrx_word' id='word_1_114' title='bbox 444 1588 475 1621; x_wconf 93' lang='lat' dir='ltr'>a</span> <span class='ocrx_word' id='word_1_115' title='bbox 497 1570 621 1638; x_wconf 89' lang='lat' dir='ltr'>polo</span> <span class='ocrx_word' id='word_1_116' title='bbox 650 1570 694 1621; x_wconf 94' lang='lat' dir='ltr'>P</span> <span class='ocrx_word' id='word_1_117' title='bbox 721 1570 786 1633; x_wconf 94' lang='lat' dir='ltr'>L,</span> <span class='ocrx_word' id='word_1_118' title='bbox 824 1570 978 1640; x_wconf 90' lang='lat' dir='ltr'>hujus</span> <span class='ocrx_word' id='word_1_119' title='bbox 1003 1569 1127 1621; x_wconf 80' lang='lat' dir='ltr'>vero</span> <span class='ocrx_word' id='word_1_120' title='bbox 1162 1570 1323 1639; x_wconf 84' lang='lat' dir='ltr'>ipsius</span> <span class='ocrx_word' id='word_1_121' title='bbox 1349 1569 1498 1622; x_wconf 71' lang='lat' dir='ltr'>arcus</span> <span class='ocrx_word' id='word_1_122' title='bbox 1524 1571 1664 1622; x_wconf 91' lang='lat' dir='ltr'>sinus</span> <span class='ocrx_word' id='word_1_123' title='bbox 1691 1569 1756 1620; x_wconf 88' lang='lat' dir='ltr'>sit</span> <span class='ocrx_word' id='word_1_124' title='bbox 1788 1594 1845 1613; x_wconf 60' lang='grc' dir='ltr'>Ξ</span> <span class='ocrx_word' id='word_1_125' title='bbox 1876 1588 1925 1639; x_wconf 89' lang='lat' dir='ltr'>q,</span> <span class='ocrx_word' id='word_1_126' title='bbox 1965 1569 2047 1619; x_wconf 91' lang='lat' dir='ltr'>cui</span> <span class='ocrx_word' id='word_1_127' title='bbox 2073 1568 2224 1619; x_wconf 90' lang='lat' dir='ltr'>simul</span> <span class='ocrx_word' id='word_1_128' title='bbox 2252 1568 2380 1618; x_wconf 87' lang='lat' dir='ltr'>cosi-</span> 
     </span>
    </p>
   </div>
   <div class='ocr_carea' id='block_1_3' title="bbox 1524 657 2364 1481">
    <p class='ocr_par' dir='ltr' id='par_1_3' title="bbox 1524 657 2364 1481">
     <span class='ocr_line' id='line_1_16' title="bbox 1524 657 2364 1481; baseline 0 0"><span class='ocrx_word' id='word_1_129' title='bbox 1524 657 2364 1481; x_wconf 95' lang='lat' dir='ltr'> </span> 
     </span>
    </p>
   </div>
   <div class='ocr_carea' id='block_1_4' title="bbox 247 1657 2390 3066">
    <p class='ocr_par' dir='ltr' id='par_1_4' title="bbox 247 1657 2387 2443">
     <span class='ocr_line' id='line_1_17' title="bbox 247 1657 2381 1729; baseline 0 -22"><span class='ocrx_word' id='word_1_130' title='bbox 247 1675 344 1708; x_wconf 91' lang='lat' dir='ltr'>nus</span> <span class='ocrx_word' id='word_1_131' title='bbox 371 1657 732 1709; x_wconf 88' lang='lat' dir='ltr'>declinationis</span> <span class='ocrx_word' id='word_1_132' title='bbox 772 1658 941 1710; x_wconf 87' lang='lat' dir='ltr'>Lunae</span> <span class='ocrx_word' id='word_1_133' title='bbox 965 1668 1217 1728; x_wconf 87' lang='lat' dir='ltr'>aequatur,</span> <span class='ocrx_word' id='word_1_134' title='bbox 1256 1669 1410 1729; x_wconf 90' lang='lat' dir='ltr'>atque</span> <span class='ocrx_word' id='word_1_135' title='bbox 1436 1660 1503 1711; x_wconf 94' lang='lat' dir='ltr'>ob</span> <span class='ocrx_word' id='word_1_136' title='bbox 1530 1660 1699 1711; x_wconf 89' lang='lat' dir='ltr'>sinum</span> <span class='ocrx_word' id='word_1_137' title='bbox 1723 1668 1889 1709; x_wconf 89' lang='lat' dir='ltr'>totum</span> <span class='ocrx_word' id='word_1_138' title='bbox 1915 1667 2208 1709; x_wconf 83' lang='lat' dir='ltr'>constanter</span> <span class='ocrx_word' id='word_1_139' title='bbox 2242 1657 2381 1725; x_wconf 91' lang='lat' dir='ltr'>posi-</span> 
     </span>
     <span class='ocr_line' id='line_1_18' title="bbox 248 1745 2382 1818; baseline 0 -21"><span class='ocrx_word' id='word_1_140' title='bbox 248 1756 361 1797; x_wconf 91' lang='lat' dir='ltr'>tum</span> <span class='ocrx_word' id='word_1_141' title='bbox 392 1776 448 1794; x_wconf 91' lang='lat'><strong><em>=</em></strong></span> <span class='ocrx_word' id='word_1_142' title='bbox 487 1754 533 1809; x_wconf 94' lang='lat'>1,</span> <span class='ocrx_word' id='word_1_143' title='bbox 562 1747 658 1798; x_wconf 82' lang='lat' dir='ltr'>erit</span> <span class='ocrx_word' id='word_1_144' title='bbox 684 1747 738 1808; x_wconf 85' lang='lat' dir='ltr'>Q</span> <span class='ocrx_word' id='word_1_145' title='bbox 761 1745 783 1775; x_wconf 71' lang='lat'>²</span> <span class='ocrx_word' id='word_1_146' title='bbox 815 1756 869 1810; x_wconf 76' lang='grc' dir='ltr'>-Ι-</span> <span class='ocrx_word' id='word_1_147' title='bbox 903 1767 938 1818; x_wconf 93' lang='lat' dir='ltr'>q</span> <span class='ocrx_word' id='word_1_148' title='bbox 960 1746 981 1776; x_wconf 60' lang='grc'>2</span> <span class='ocrx_word' id='word_1_149' title='bbox 1012 1773 1069 1792; x_wconf 92' lang='lat'>=</span> <span class='ocrx_word' id='word_1_150' title='bbox 1105 1755 1152 1799; x_wconf 88' lang='lat' dir='ltr'>l.</span> <span class='ocrx_word' id='word_1_151' title='bbox 1230 1746 1366 1799; x_wconf 76' lang='lat' dir='ltr'>Cum</span> <span class='ocrx_word' id='word_1_152' title='bbox 1396 1749 1506 1817; x_wconf 86' lang='lat' dir='ltr'>jam</span> <span class='ocrx_word' id='word_1_153' title='bbox 1531 1749 1586 1799; x_wconf 91' lang='lat' dir='ltr'>in</span> <span class='ocrx_word' id='word_1_154' title='bbox 1613 1748 1872 1818; x_wconf 82' lang='lat' dir='ltr'>triangulo</span> <span class='ocrx_word' id='word_1_155' title='bbox 1898 1747 2151 1815; x_wconf 78' lang='lat' dir='ltr'>sphaerico</span> <span class='ocrx_word' id='word_1_156' title='bbox 2192 1746 2307 1805; x_wconf 78' lang='lat' dir='ltr'>Z‚P</span> <span class='ocrx_word' id='word_1_157' title='bbox 2334 1745 2382 1797; x_wconf 93' lang='lat' dir='ltr'>L</span> 
     </span>
     <span class='ocr_line' id='line_1_19' title="bbox 250 1834 2383 1906; baseline 0 -22"><span class='ocrx_word' id='word_1_158' title='bbox 250 1834 437 1885; x_wconf 88' lang='lat' dir='ltr'>dentur</span> <span class='ocrx_word' id='word_1_159' title='bbox 462 1853 609 1886; x_wconf 89' lang='lat' dir='ltr'>arcus</span> <span class='ocrx_word' id='word_1_160' title='bbox 648 1836 693 1887; x_wconf 95' lang='lat' dir='ltr'>P</span> <span class='ocrx_word' id='word_1_161' title='bbox 721 1836 764 1887; x_wconf 94' lang='lat' dir='ltr'>Z</span> <span class='ocrx_word' id='word_1_162' title='bbox 802 1845 853 1887; x_wconf 87' lang='lat' dir='ltr'>et</span> <span class='ocrx_word' id='word_1_163' title='bbox 892 1837 938 1888; x_wconf 91' lang='lat' dir='ltr'>P</span> <span class='ocrx_word' id='word_1_164' title='bbox 963 1836 1012 1888; x_wconf 95' lang='lat' dir='ltr'>L</span> <span class='ocrx_word' id='word_1_165' title='bbox 1050 1854 1168 1888; x_wconf 89' lang='lat' dir='ltr'>cum</span> <span class='ocrx_word' id='word_1_166' title='bbox 1193 1836 1384 1906; x_wconf 84' lang='lat' dir='ltr'>angulo</span> <span class='ocrx_word' id='word_1_167' title='bbox 1411 1837 1454 1888; x_wconf 94' lang='lat' dir='ltr'><strong>Z</strong></span> <span class='ocrx_word' id='word_1_168' title='bbox 1480 1836 1525 1888; x_wconf 94' lang='lat' dir='ltr'>P</span> <span class='ocrx_word' id='word_1_169' title='bbox 1552 1837 1616 1899; x_wconf 93' lang='lat' dir='ltr'>L,</span> <span class='ocrx_word' id='word_1_170' title='bbox 1644 1836 1929 1905; x_wconf 90' lang='lat' dir='ltr'>reperietur</span> <span class='ocrx_word' id='word_1_171' title='bbox 1950 1854 2045 1903; x_wconf 88' lang='lat' dir='ltr'>per</span> <span class='ocrx_word' id='word_1_172' title='bbox 2069 1835 2383 1905; x_wconf 86' lang='lat' dir='ltr'>trigonome-</span> 
     </span>
     <span class='ocr_line' id='line_1_20' title="bbox 250 1922 2382 1995; baseline 0 -21"><span class='ocrx_word' id='word_1_173' title='bbox 250 1923 403 1974; x_wconf 81' lang='lat' dir='ltr'>triam</span> <span class='ocrx_word' id='word_1_174' title='bbox 431 1922 735 1991; x_wconf 85' lang='lat' dir='ltr'>sphaericam</span> <span class='ocrx_word' id='word_1_175' title='bbox 760 1923 910 1975; x_wconf 70' lang='lat' dir='ltr'>arcus</span> <span class='ocrx_word' id='word_1_176' title='bbox 939 1922 982 1976; x_wconf 93' lang='lat' dir='ltr'>Z</span> <span class='ocrx_word' id='word_1_177' title='bbox 1008 1925 1058 1976; x_wconf 94' lang='lat' dir='ltr'>L</span> <span class='ocrx_word' id='word_1_178' title='bbox 1083 1924 1287 1976; x_wconf 88' lang='lat' dir='ltr'>cosinus</span> <span class='ocrx_word' id='word_1_179' title='bbox 1318 1954 1374 1972; x_wconf 91' lang='lat'><strong><em>=</em></strong></span> <span class='ocrx_word' id='word_1_180' title='bbox 1408 1934 1430 1975; x_wconf 93' lang='lat' dir='ltr'>t</span> <span class='ocrx_word' id='word_1_181' title='bbox 1452 1944 1488 1993; x_wconf 93' lang='lat' dir='ltr'>p</span> <span class='ocrx_word' id='word_1_182' title='bbox 1515 1944 1549 1995; x_wconf 91' lang='lat' dir='ltr'>q</span> <span class='ocrx_word' id='word_1_183' title='bbox 1582 1934 1635 1986; x_wconf 77' lang='lat'>÷</span> <span class='ocrx_word' id='word_1_184' title='bbox 1671 1925 1717 1977; x_wconf 94' lang='lat' dir='ltr'>P</span> <span class='ocrx_word' id='word_1_185' title='bbox 1743 1925 1813 1987; x_wconf 83' lang='lat' dir='ltr'>Q,</span> <span class='ocrx_word' id='word_1_186' title='bbox 1847 1925 1936 1994; x_wconf 91' lang='lat' dir='ltr'>qui</span> <span class='ocrx_word' id='word_1_187' title='bbox 1962 1925 2113 1976; x_wconf 88' lang='lat' dir='ltr'>simul</span> <span class='ocrx_word' id='word_1_188' title='bbox 2138 1935 2216 1976; x_wconf 90' lang='lat' dir='ltr'>est</span> <span class='ocrx_word' id='word_1_189' title='bbox 2241 1924 2382 1975; x_wconf 89' lang='lat' dir='ltr'>sinus</span> 
     </span>
     <span class='ocr_line' id='line_1_21' title="bbox 250 2011 2385 2087; baseline 0 -25"><span class='ocrx_word' id='word_1_190' title='bbox 250 2011 535 2062; x_wconf 87' lang='lat' dir='ltr'>altitudinis</span> <span class='ocrx_word' id='word_1_191' title='bbox 564 2012 732 2064; x_wconf 88' lang='lat' dir='ltr'>Lunae</span> <span class='ocrx_word' id='word_1_192' title='bbox 759 2031 917 2082; x_wconf 89' lang='lat' dir='ltr'>supra</span> <span class='ocrx_word' id='word_1_193' title='bbox 940 2012 1278 2075; x_wconf 90' lang='lat' dir='ltr'>horizontem,</span> <span class='ocrx_word' id='word_1_194' title='bbox 1319 2031 1473 2083; x_wconf 91' lang='lat' dir='ltr'>quem</span> <span class='ocrx_word' id='word_1_195' title='bbox 1499 2012 1618 2087; x_wconf 76' lang='lat' dir='ltr'>ante</span> <span class='ocrx_word' id='word_1_196' title='bbox 1650 2013 1917 2081; x_wconf 89' lang='lat' dir='ltr'>posuimus</span> <span class='ocrx_word' id='word_1_197' title='bbox 1948 2042 2003 2060; x_wconf 90' lang='lat'><strong><em>=</em></strong></span> <span class='ocrx_word' id='word_1_198' title='bbox 2037 2032 2085 2064; x_wconf 87' lang='lat' dir='ltr'>v.</span> <span class='ocrx_word' id='word_1_199' title='bbox 2162 2012 2247 2064; x_wconf 84' lang='lat' dir='ltr'>Ex</span> <span class='ocrx_word' id='word_1_200' title='bbox 2273 2013 2385 2082; x_wconf 88' lang='lat' dir='ltr'>qui-</span> 
     </span>
     <span class='ocr_line' id='line_1_22' title="bbox 250 2101 2383 2173; baseline 0 -20"><span class='ocrx_word' id='word_1_201' title='bbox 250 2102 346 2153; x_wconf 89' lang='lat' dir='ltr'>bus</span> <span class='ocrx_word' id='word_1_202' title='bbox 384 2103 549 2154; x_wconf 88' lang='lat' dir='ltr'>eritv</span> <span class='ocrx_word' id='word_1_203' title='bbox 585 2133 642 2152; x_wconf 88' lang='lat'>=</span> <span class='ocrx_word' id='word_1_204' title='bbox 681 2114 774 2173; x_wconf 85' lang='lat' dir='ltr'>tp</span> <span class='ocrx_word' id='word_1_205' title='bbox 812 2112 932 2173; x_wconf 80' lang='lat' dir='ltr'>q÷</span> <span class='ocrx_word' id='word_1_206' title='bbox 968 2104 1109 2167; x_wconf 84' lang='lat' dir='ltr'>PQ,</span> <span class='ocrx_word' id='word_1_207' title='bbox 1150 2113 1201 2155; x_wconf 90' lang='lat' dir='ltr'>et</span> <span class='ocrx_word' id='word_1_208' title='bbox 1238 2111 1530 2156; x_wconf 83' lang='lat' dir='ltr'>3vv—l</span> <span class='ocrx_word' id='word_1_209' title='bbox 1578 2112 1697 2155; x_wconf 84' lang='lat'>=3</span> <span class='ocrx_word' id='word_1_210' title='bbox 1736 2108 1982 2173; x_wconf 81' lang='lat' dir='ltr'>(tpq÷</span> <span class='ocrx_word' id='word_1_211' title='bbox 2020 2101 2383 2168; x_wconf 78' lang='lat' dir='ltr'>PQ)2-1,</span> 
     </span>
     <span class='ocr_line' id='line_1_23' title="bbox 253 2192 2386 2264; baseline -0 -20"><span class='ocrx_word' id='word_1_212' title='bbox 253 2203 412 2262; x_wconf 88' lang='lat' dir='ltr'>atque</span> <span class='ocrx_word' id='word_1_213' title='bbox 439 2200 469 2245; x_wconf 88' lang='lat'><strong><em>5</em></strong></span> <span class='ocrx_word' id='word_1_214' title='bbox 496 2213 529 2245; x_wconf 92' lang='lat' dir='ltr'>v</span> <span class='ocrx_word' id='word_1_215' title='bbox 553 2214 585 2245; x_wconf 90' lang='lat' dir='ltr'><strong>v</strong></span> <span class='ocrx_word' id='word_1_216' title='bbox 604 2226 675 2234; x_wconf 91' lang='lat'>—</span> <span class='ocrx_word' id='word_1_217' title='bbox 695 2204 725 2247; x_wconf 83' lang='lat'>3</span> <span class='ocrx_word' id='word_1_218' title='bbox 753 2221 810 2240; x_wconf 88' lang='lat'><strong><em>=</em></strong></span> <span class='ocrx_word' id='word_1_219' title='bbox 836 2203 865 2247; x_wconf 93' lang='lat'><em>5</em></span> <span class='ocrx_word' id='word_1_220' title='bbox 896 2199 939 2264; x_wconf 91' lang='lat' dir='ltr'>(t</span> <span class='ocrx_word' id='word_1_221' title='bbox 962 2213 998 2264; x_wconf 94' lang='lat' dir='ltr'>p</span> <span class='ocrx_word' id='word_1_222' title='bbox 1025 2214 1059 2264; x_wconf 94' lang='lat' dir='ltr'>q</span> <span class='ocrx_word' id='word_1_223' title='bbox 1083 2194 1136 2247; x_wconf 86' lang='grc' dir='ltr'>-Ι-</span> <span class='ocrx_word' id='word_1_224' title='bbox 1165 2194 1210 2245; x_wconf 89' lang='grc' dir='ltr'>Ρ</span> <span class='ocrx_word' id='word_1_225' title='bbox 1238 2193 1311 2259; x_wconf 83' lang='lat' dir='ltr'>Q)</span> <span class='ocrx_word' id='word_1_226' title='bbox 1337 2192 1358 2221; x_wconf 73' lang='lat'><strong>²</strong></span> <span class='ocrx_word' id='word_1_227' title='bbox 1381 2208 1453 2234; x_wconf 85' lang='lat'>—·-</span> <span class='ocrx_word' id='word_1_228' title='bbox 1480 2202 1508 2246; x_wconf 80' lang='lat'><strong>3</strong></span> <span class='ocrx_word' id='word_1_229' title='bbox 1530 2213 1544 2256; x_wconf 93' lang='lat'>;</span> <span class='ocrx_word' id='word_1_230' title='bbox 1583 2194 1672 2264; x_wconf 89' lang='lat' dir='ltr'>qui</span> <span class='ocrx_word' id='word_1_231' title='bbox 1697 2194 1895 2244; x_wconf 89' lang='lat' dir='ltr'>valores</span> <span class='ocrx_word' id='word_1_232' title='bbox 1920 2193 1973 2243; x_wconf 92' lang='lat' dir='ltr'>in</span> <span class='ocrx_word' id='word_1_233' title='bbox 1998 2192 2227 2244; x_wconf 88' lang='lat' dir='ltr'>formulis</span> <span class='ocrx_word' id='word_1_234' title='bbox 2251 2211 2386 2261; x_wconf 87' lang='lat' dir='ltr'>prae-</span> 
     </span>
     <span class='ocr_line' id='line_1_24' title="bbox 254 2281 2387 2352; baseline 0.001 -21"><span class='ocrx_word' id='word_1_235' title='bbox 254 2281 480 2332; x_wconf 88' lang='lat' dir='ltr'>cedentis</span> <span class='ocrx_word' id='word_1_236' title='bbox 511 2282 707 2350; x_wconf 89' lang='lat' dir='ltr'>Capitis</span> <span class='ocrx_word' id='word_1_237' title='bbox 744 2284 1009 2335; x_wconf 85' lang='lat' dir='ltr'>substituti</span> <span class='ocrx_word' id='word_1_238' title='bbox 1044 2283 1358 2352; x_wconf 86' lang='lat' dir='ltr'>praebebunt</span> <span class='ocrx_word' id='word_1_239' title='bbox 1383 2291 1571 2333; x_wconf 87' lang='lat' dir='ltr'>statum</span> <span class='ocrx_word' id='word_1_240' title='bbox 1604 2283 1777 2345; x_wconf 85' lang='lat' dir='ltr'>maris,</span> <span class='ocrx_word' id='word_1_241' title='bbox 1815 2282 1917 2333; x_wconf 91' lang='lat' dir='ltr'>hoc</span> <span class='ocrx_word' id='word_1_242' title='bbox 1943 2292 2020 2333; x_wconf 87' lang='lat' dir='ltr'>est</span> <span class='ocrx_word' id='word_1_243' title='bbox 2043 2282 2124 2332; x_wconf 88' lang='lat' dir='ltr'>vel</span> <span class='ocrx_word' id='word_1_244' title='bbox 2149 2282 2387 2349; x_wconf 46' lang='lat' dir='ltr'>elevatioq</span> 
     </span>
     <span class='ocr_line' id='line_1_25' title="bbox 251 2370 2143 2443; baseline 0.001 -22"><span class='ocrx_word' id='word_1_245' title='bbox 251 2389 373 2422; x_wconf 91' lang='lat' dir='ltr'>nem</span> <span class='ocrx_word' id='word_1_246' title='bbox 397 2372 479 2422; x_wconf 88' lang='lat' dir='ltr'>vel</span> <span class='ocrx_word' id='word_1_247' title='bbox 508 2372 908 2441; x_wconf 88' lang='lat' dir='ltr'>depressionem,</span> <span class='ocrx_word' id='word_1_248' title='bbox 936 2392 1034 2443; x_wconf 91' lang='lat' dir='ltr'>pro</span> <span class='ocrx_word' id='word_1_249' title='bbox 1058 2373 1174 2424; x_wconf 92' lang='lat' dir='ltr'>loco</span> <span class='ocrx_word' id='word_1_250' title='bbox 1199 2371 1466 2441; x_wconf 90' lang='lat' dir='ltr'>proposito</span> <span class='ocrx_word' id='word_1_251' title='bbox 1492 2371 1559 2422; x_wconf 90' lang='lat' dir='ltr'>ad</span> <span class='ocrx_word' id='word_1_252' title='bbox 1583 2380 1785 2439; x_wconf 88' lang='lat' dir='ltr'>tempus</span> <span class='ocrx_word' id='word_1_253' title='bbox 1813 2370 2143 2441; x_wconf 85' lang='lat' dir='ltr'>assignatum.</span> 
     </span>
    </p>

    <p class='ocr_par' dir='ltr' id='par_1_5' title="bbox 253 2447 2389 2733">
     <span class='ocr_line' id='line_1_26' title="bbox 327 2447 2387 2535; baseline 0.001 -24"><span class='ocrx_word' id='word_1_254' title='bbox 327 2466 364 2527; x_wconf 60' lang='grc' dir='ltr'>ᾗ.</span> <span class='ocrx_word' id='word_1_255' title='bbox 393 2469 478 2512; x_wconf 80' lang='lat'>48.</span> <span class='ocrx_word' id='word_1_256' title='bbox 521 2463 684 2523; x_wconf 80' lang='lat' dir='ltr'>Quod</span> <span class='ocrx_word' id='word_1_257' title='bbox 717 2465 760 2515; x_wconf 88' lang='lat' dir='ltr'>si</span> <span class='ocrx_word' id='word_1_258' title='bbox 796 2484 921 2535; x_wconf 86' lang='lat' dir='ltr'>ergo</span> <span class='ocrx_word' id='word_1_259' title='bbox 958 2465 1126 2516; x_wconf 90' lang='lat' dir='ltr'>Lunae</span> <span class='ocrx_word' id='word_1_260' title='bbox 1149 2464 1225 2515; x_wconf 83' lang='lat' dir='ltr'>vis</span> <span class='ocrx_word' id='word_1_261' title='bbox 1252 2462 1486 2514; x_wconf 88' lang='lat' dir='ltr'>absoluta</span> <span class='ocrx_word' id='word_1_262' title='bbox 1508 2447 1733 2531; x_wconf 85' lang='lat' dir='ltr'>ponatur</span> <span class='ocrx_word' id='word_1_263' title='bbox 1763 2463 1898 2525; x_wconf 83' lang='lat' dir='ltr'>=L,</span> <span class='ocrx_word' id='word_1_264' title='bbox 1927 2463 2138 2532; x_wconf 88' lang='lat' dir='ltr'>ejusque</span> <span class='ocrx_word' id='word_1_265' title='bbox 2164 2483 2194 2514; x_wconf 91' lang='lat' dir='ltr'>a</span> <span class='ocrx_word' id='word_1_266' title='bbox 2222 2461 2387 2514; x_wconf 66' lang='lat' dir='ltr'>Terra</span> 
     </span>
     <span class='ocr_line' id='line_1_27' title="bbox 255 2549 2389 2622; baseline 0.001 -22"><span class='ocrx_word' id='word_1_267' title='bbox 255 2549 582 2601; x_wconf 80' lang='lat' dir='ltr'>distantia—</span> <span class='ocrx_word' id='word_1_268' title='bbox 526 2580 583 2599; x_wconf 89' lang='lat'>=</span> <span class='ocrx_word' id='word_1_269' title='bbox 615 2553 668 2614; x_wconf 91' lang='lat' dir='ltr'>b,</span> <span class='ocrx_word' id='word_1_270' title='bbox 712 2554 808 2604; x_wconf 91' lang='lat' dir='ltr'>erit</span> <span class='ocrx_word' id='word_1_271' title='bbox 844 2554 1187 2616; x_wconf 87' lang='lat' dir='ltr'>intervallum,</span> <span class='ocrx_word' id='word_1_272' title='bbox 1229 2571 1333 2622; x_wconf 91' lang='lat' dir='ltr'>quo</span> <span class='ocrx_word' id='word_1_273' title='bbox 1358 2570 1493 2621; x_wconf 86' lang='lat' dir='ltr'>aqua</span> <span class='ocrx_word' id='word_1_274' title='bbox 1519 2571 1674 2621; x_wconf 82' lang='lat' dir='ltr'>supia</span> <span class='ocrx_word' id='word_1_275' title='bbox 1699 2561 1888 2605; x_wconf 88' lang='lat' dir='ltr'>statum</span> <span class='ocrx_word' id='word_1_276' title='bbox 1912 2552 2199 2605; x_wconf 88' lang='lat' dir='ltr'>naturalem</span> <span class='ocrx_word' id='word_1_277' title='bbox 2225 2553 2358 2603; x_wconf 65' lang='lat' dir='ltr'>elev?</span> <span class='ocrx_word' id='word_1_278' title='bbox 2364 2581 2389 2592; x_wconf 74' lang='lat'>‹-</span> 
     </span>
     <span class='ocr_line' id='line_1_28' title="bbox 253 2640 2366 2733; baseline 0.005 -35"><span class='ocrx_word' id='word_1_279' title='bbox 253 2670 408 2733; x_wconf 46' lang='grc' dir='ltr'>ΜΓ,</span> <span class='ocrx_word' id='word_1_280' title='bbox 441 2696 497 2714; x_wconf 73' lang='lat'><strong><em>=</em></strong></span> <span class='ocrx_word' id='word_1_281' title='bbox 526 2640 575 2691; x_wconf 85' lang='lat' dir='ltr'>L</span> <span class='ocrx_word' id='word_1_282' title='bbox 602 2643 655 2706; x_wconf 72' lang='lat'>&lt;3</span> <span class='ocrx_word' id='word_1_283' title='bbox 676 2644 770 2708; x_wconf 73' lang='lat' dir='ltr'>(tp</span> <span class='ocrx_word' id='word_1_284' title='bbox 792 2661 824 2710; x_wconf 81' lang='lat' dir='ltr'>q</span> <span class='ocrx_word' id='word_1_285' title='bbox 847 2642 899 2693; x_wconf 84' lang='lat'>÷</span> <span class='ocrx_word' id='word_1_286' title='bbox 921 2643 965 2693; x_wconf 80' lang='grc' dir='ltr'>Ρ</span> <span class='ocrx_word' id='word_1_287' title='bbox 987 2642 1060 2706; x_wconf 84' lang='lat' dir='ltr'>Q)</span> <span class='ocrx_word' id='word_1_288' title='bbox 1082 2640 1191 2681; x_wconf 75' lang='lat'>2—</span> <span class='ocrx_word' id='word_1_289' title='bbox 1214 2641 1264 2705; x_wconf 84' lang='lat'>1&gt;</span> <span class='ocrx_word' id='word_1_290' title='bbox 1287 2672 1342 2723; x_wconf 71' lang='lat'>÷</span> <span class='ocrx_word' id='word_1_291' title='bbox 1371 2641 1761 2720; x_wconf 50' lang='grc' dir='ltr'>ιαμ-111311)</span> <span class='ocrx_word' id='word_1_292' title='bbox 1793 2642 2193 2710; x_wconf 79' lang='lat' dir='ltr'>(5(tpq÷PQ&gt;</span> <span class='ocrx_word' id='word_1_293' title='bbox 2231 2643 2366 2708; x_wconf 76' lang='grc'>-3)</span> 
     </span>
    </p>

    <p class='ocr_par' dir='ltr' id='par_1_6' title="bbox 257 2724 2390 3066">
     <span class='ocr_line' id='line_1_29' title="bbox 872 2724 1943 2775; baseline 0 0"><span class='ocrx_word' id='word_1_294' title='bbox 872 2732 903 2775; x_wconf 80' lang='grc'>2</span> <span class='ocrx_word' id='word_1_295' title='bbox 927 2727 958 2775; x_wconf 89' lang='lat' dir='ltr'>b</span> <span class='ocrx_word' id='word_1_296' title='bbox 982 2728 1002 2754; x_wconf 62' lang='grc' dir='ltr'><strong>ὅ</strong></span> <span class='ocrx_word' id='word_1_297' title='bbox 1805 2731 1836 2774; x_wconf 80' lang='grc'><em>2</em></span> <span class='ocrx_word' id='word_1_298' title='bbox 1863 2725 1898 2775; x_wconf 92' lang='lat' dir='ltr'>b</span> <span class='ocrx_word' id='word_1_299' title='bbox 1923 2724 1943 2752; x_wconf 68' lang='lat'>4</span> 
     </span>
     <span class='ocr_line' id='line_1_30' title="bbox 257 2787 2390 2887; baseline 0.002 -24"><span class='ocrx_word' id='word_1_300' title='bbox 257 2832 374 2882; x_wconf 88' lang='lat' dir='ltr'>quae</span> <span class='ocrx_word' id='word_1_301' title='bbox 409 2815 675 2882; x_wconf 86' lang='lat' dir='ltr'>expressio</span> <span class='ocrx_word' id='word_1_302' title='bbox 713 2815 754 2865; x_wconf 91' lang='lat' dir='ltr'>si</span> <span class='ocrx_word' id='word_1_303' title='bbox 794 2814 854 2866; x_wconf 91' lang='lat' dir='ltr'>fit</span> <span class='ocrx_word' id='word_1_304' title='bbox 877 2816 1130 2886; x_wconf 84' lang='lat' dir='ltr'>negativa,</span> <span class='ocrx_word' id='word_1_305' title='bbox 1171 2815 1364 2867; x_wconf 89' lang='lat' dir='ltr'>indicat</span> <span class='ocrx_word' id='word_1_306' title='bbox 1388 2833 1573 2887; x_wconf 89' lang='lat' dir='ltr'>aquam</span> <span class='ocrx_word' id='word_1_307' title='bbox 1598 2814 1730 2869; x_wconf 85' lang='lat' dir='ltr'>infra</span> <span class='ocrx_word' id='word_1_308' title='bbox 1756 2787 1945 2870; x_wconf 81' lang='lat' dir='ltr'>statum</span> <span class='ocrx_word' id='word_1_309' title='bbox 1967 2816 2254 2868; x_wconf 88' lang='lat' dir='ltr'>naturalem</span> <span class='ocrx_word' id='word_1_310' title='bbox 2279 2834 2390 2868; x_wconf 86' lang='lat' dir='ltr'>esse</span> 
     </span>
     <span class='ocr_line' id='line_1_31' title="bbox 258 2902 2388 2973; baseline 0 -20"><span class='ocrx_word' id='word_1_311' title='bbox 258 2902 572 2971; x_wconf 87' lang='lat' dir='ltr'>depressam.</span> <span class='ocrx_word' id='word_1_312' title='bbox 653 2904 914 2955; x_wconf 89' lang='lat' dir='ltr'>Ponamus</span> <span class='ocrx_word' id='word_1_313' title='bbox 953 2904 1160 2958; x_wconf 86' lang='lat' dir='ltr'>Lunam</span> <span class='ocrx_word' id='word_1_314' title='bbox 1194 2904 1463 2956; x_wconf 89' lang='lat' dir='ltr'>horizonte</span> <span class='ocrx_word' id='word_1_315' title='bbox 1488 2921 1579 2954; x_wconf 88' lang='lat' dir='ltr'>seu</span> <span class='ocrx_word' id='word_1_316' title='bbox 1605 2902 1781 2955; x_wconf 74' lang='lat' dir='ltr'>versus</span> <span class='ocrx_word' id='word_1_317' title='bbox 1809 2913 2039 2955; x_wconf 91' lang='lat' dir='ltr'>austrum</span> <span class='ocrx_word' id='word_1_318' title='bbox 2062 2923 2158 2973; x_wconf 92' lang='lat' dir='ltr'>per</span> <span class='ocrx_word' id='word_1_319' title='bbox 2180 2903 2388 2955; x_wconf 89' lang='lat' dir='ltr'>meridi-</span> 
     </span>
     <span class='ocr_line' id='line_1_32' title="bbox 259 2994 2389 3066; baseline 0.002 -23"><span class='ocrx_word' id='word_1_320' title='bbox 259 3012 415 3044; x_wconf 89' lang='lat' dir='ltr'>anum</span> <span class='ocrx_word' id='word_1_321' title='bbox 453 2994 687 3057; x_wconf 89' lang='lat' dir='ltr'>transire,</span> <span class='ocrx_word' id='word_1_322' title='bbox 727 3013 831 3065; x_wconf 93' lang='lat' dir='ltr'>quo</span> <span class='ocrx_word' id='word_1_323' title='bbox 869 3014 990 3047; x_wconf 85' lang='lat' dir='ltr'>casu</span> <span class='ocrx_word' id='word_1_324' title='bbox 1026 2996 1122 3049; x_wconf 90' lang='lat' dir='ltr'>erit</span> <span class='ocrx_word' id='word_1_325' title='bbox 1146 3006 1168 3047; x_wconf 88' lang='lat' dir='ltr'>t</span> <span class='ocrx_word' id='word_1_326' title='bbox 1196 3025 1253 3043; x_wconf 86' lang='lat'><strong><em>=</em></strong></span> <span class='ocrx_word' id='word_1_327' title='bbox 1292 3003 1314 3049; x_wconf 94' lang='grc'>1</span> <span class='ocrx_word' id='word_1_328' title='bbox 1336 3015 1350 3058; x_wconf 86' lang='lat'><em>3</em></span> <span class='ocrx_word' id='word_1_329' title='bbox 1387 2995 1489 3046; x_wconf 94' lang='lat' dir='ltr'>hoc</span> <span class='ocrx_word' id='word_1_330' title='bbox 1513 2994 1671 3065; x_wconf 85' lang='lat' dir='ltr'>igitur</span> <span class='ocrx_word' id='word_1_331' title='bbox 1694 3005 1926 3066; x_wconf 86' lang='lat' dir='ltr'>tempore</span> <span class='ocrx_word' id='word_1_332' title='bbox 1951 3016 2085 3066; x_wconf 90' lang='lat' dir='ltr'>aqua</span> <span class='ocrx_word' id='word_1_333' title='bbox 2109 3014 2264 3064; x_wconf 87' lang='lat' dir='ltr'>supra</span> <span class='ocrx_word' id='word_1_334' title='bbox 2288 3005 2389 3047; x_wconf 89' lang='lat' dir='ltr'>sta-</span> 
     </span>
    </p>
   </div>
   <div class='ocr_carea' id='block_1_5' title="bbox 257 3083 2388 3641">
    <p class='ocr_par' dir='ltr' id='par_1_7' title="bbox 257 3083 2388 3641">
     <span class='ocr_line' id='line_1_33' title="bbox 257 3083 2380 3219; baseline 0.001 -55"><span class='ocrx_word' id='word_1_335' title='bbox 257 3123 368 3164; x_wconf 88' lang='lat' dir='ltr'>tum</span> <span class='ocrx_word' id='word_1_336' title='bbox 409 3114 697 3167; x_wconf 88' lang='lat' dir='ltr'>naturalem</span> <span class='ocrx_word' id='word_1_337' title='bbox 745 3116 841 3167; x_wconf 91' lang='lat' dir='ltr'>erit</span> <span class='ocrx_word' id='word_1_338' title='bbox 889 3116 1085 3169; x_wconf 86' lang='lat' dir='ltr'>elevata</span> <span class='ocrx_word' id='word_1_339' title='bbox 1123 3115 1391 3168; x_wconf 83' lang='lat' dir='ltr'>intervallo</span> <span class='ocrx_word' id='word_1_340' title='bbox 1432 3143 1488 3162; x_wconf 94' lang='lat'>=</span> <span class='ocrx_word' id='word_1_341' title='bbox 1532 3083 2290 3219; x_wconf 44' lang='grc' dir='ltr'>ψ)</span> <span class='ocrx_word' id='word_1_342' title='bbox 2326 3124 2380 3178; x_wconf 81' lang='lat'>÷</span> 
     </span>
     <span class='ocr_line' id='line_1_34' title="bbox 261 3259 2387 3395; baseline 0.009 -70"><span class='ocrx_word' id='word_1_343' title='bbox 261 3259 309 3311; x_wconf 83' lang='lat' dir='ltr'>L</span> <span class='ocrx_word' id='word_1_344' title='bbox 337 3263 392 3326; x_wconf 83' lang='lat' dir='ltr'>(P</span> <span class='ocrx_word' id='word_1_345' title='bbox 419 3279 452 3328; x_wconf 82' lang='lat' dir='ltr'>q</span> <span class='ocrx_word' id='word_1_346' title='bbox 478 3260 532 3312; x_wconf 81' lang='lat'>÷</span> <span class='ocrx_word' id='word_1_347' title='bbox 562 3260 607 3311; x_wconf 85' lang='lat' dir='ltr'>P</span> <span class='ocrx_word' id='word_1_348' title='bbox 634 3261 708 3325; x_wconf 81' lang='lat' dir='ltr'>Q)</span> <span class='ocrx_word' id='word_1_349' title='bbox 738 3265 938 3395; x_wconf 59' lang='lat' dir='ltr'>(52(ll))4q</span> <span class='ocrx_word' id='word_1_350' title='bbox 963 3263 1017 3315; x_wconf 78' lang='lat'>÷</span> <span class='ocrx_word' id='word_1_351' title='bbox 1050 3262 1095 3313; x_wconf 84' lang='lat' dir='ltr'>P</span> <span class='ocrx_word' id='word_1_352' title='bbox 1122 3262 1195 3326; x_wconf 76' lang='lat' dir='ltr'>Q)</span> <span class='ocrx_word' id='word_1_353' title='bbox 1221 3260 1241 3285; x_wconf 61' lang='lat'><strong>2</strong></span> <span class='ocrx_word' id='word_1_354' title='bbox 1265 3291 1336 3300; x_wconf 81' lang='grc'>““</span> <span class='ocrx_word' id='word_1_355' title='bbox 1363 3261 1434 3341; x_wconf 75' lang='grc'>3.).</span> <span class='ocrx_word' id='word_1_356' title='bbox 1528 3289 1726 3342; x_wconf 73' lang='lat' dir='ltr'>Contra</span> <span class='ocrx_word' id='word_1_357' title='bbox 1764 3290 1886 3342; x_wconf 81' lang='lat' dir='ltr'>vero</span> <span class='ocrx_word' id='word_1_358' title='bbox 1929 3259 2070 3343; x_wconf 44' lang='lat' dir='ltr'>dum·</span> <span class='ocrx_word' id='word_1_359' title='bbox 2098 3292 2252 3345; x_wconf 88' lang='lat' dir='ltr'>Luna</span> <span class='ocrx_word' id='word_1_360' title='bbox 2290 3294 2387 3345; x_wconf 89' lang='lat' dir='ltr'>sub</span> 
     </span>
     <span class='ocr_line' id='line_1_35' title="bbox 261 3411 2388 3489; baseline 0.003 -27"><span class='ocrx_word' id='word_1_361' title='bbox 261 3411 526 3465; x_wconf 88' lang='lat' dir='ltr'>horizonte</span> <span class='ocrx_word' id='word_1_362' title='bbox 562 3415 643 3466; x_wconf 89' lang='lat' dir='ltr'>vel</span> <span class='ocrx_word' id='word_1_363' title='bbox 681 3433 856 3467; x_wconf 86' lang='lat' dir='ltr'>versus</span> <span class='ocrx_word' id='word_1_364' title='bbox 891 3418 1103 3467; x_wconf 90' lang='lat' dir='ltr'>boream</span> <span class='ocrx_word' id='word_1_365' title='bbox 1139 3417 1206 3467; x_wconf 91' lang='lat' dir='ltr'>ad</span> <span class='ocrx_word' id='word_1_366' title='bbox 1243 3415 1585 3467; x_wconf 87' lang='lat' dir='ltr'>meridianum</span> <span class='ocrx_word' id='word_1_367' title='bbox 1621 3415 1849 3484; x_wconf 87' lang='lat' dir='ltr'>appellit,</span> <span class='ocrx_word' id='word_1_368' title='bbox 1877 3416 1968 3469; x_wconf 91' lang='lat' dir='ltr'>fiet</span> <span class='ocrx_word' id='word_1_369' title='bbox 2000 3417 2215 3469; x_wconf 88' lang='lat' dir='ltr'>elevatio</span> <span class='ocrx_word' id='word_1_370' title='bbox 2239 3437 2388 3489; x_wconf 88' lang='lat' dir='ltr'>aquae</span> 
     </span>
     <span class='ocr_line' id='line_1_36' title="bbox 264 3505 2383 3641; baseline 0.002 -57"><span class='ocrx_word' id='word_1_371' title='bbox 264 3551 418 3601; x_wconf 87' lang='lat' dir='ltr'>supra</span> <span class='ocrx_word' id='word_1_372' title='bbox 457 3511 644 3587; x_wconf 73' lang='lat' dir='ltr'>statum</span> <span class='ocrx_word' id='word_1_373' title='bbox 685 3538 972 3590; x_wconf 88' lang='lat' dir='ltr'>naturalem</span> <span class='ocrx_word' id='word_1_374' title='bbox 1013 3556 1107 3606; x_wconf 90' lang='lat' dir='ltr'>per</span> <span class='ocrx_word' id='word_1_375' title='bbox 1157 3538 1482 3591; x_wconf 88' lang='lat' dir='ltr'>intervallum</span> <span class='ocrx_word' id='word_1_376' title='bbox 1533 3563 1590 3582; x_wconf 84' lang='lat'>=</span> <span class='ocrx_word' id='word_1_377' title='bbox 1636 3505 2271 3641; x_wconf 46' lang='grc' dir='ltr'>,ΙΣ-Ᾰὲ-ῙΞΞ-Ἡῳῑξ-’ζὲ</span> <span class='ocrx_word' id='word_1_378' title='bbox 2319 3553 2383 3618; x_wconf 59' lang='lat'>4</span> 
     </span>
    </p>
   </div>
   <div class='ocr_carea' id='block_1_6' title="bbox 266 3676 995 3748">
    <p class='ocr_par' dir='ltr' id='par_1_8' title="bbox 266 3676 995 3748">
     <span class='ocr_line' id='line_1_37' title="bbox 266 3676 995 3748; baseline 0.009 -19"><span class='ocrx_word' id='word_1_379' title='bbox 266 3676 665 3746; x_wconf 78' lang='lat' dir='ltr'>LPQ(5P2</span> <span class='ocrx_word' id='word_1_380' title='bbox 693 3680 995 3748; x_wconf 78' lang='lat' dir='ltr'>Q2-3)</span> 
     </span>
    </p>
   </div>
   <div class='ocr_carea' id='block_1_7' title="bbox 546 3712 2385 3810">
    <p class='ocr_par' dir='ltr' id='par_1_9' title="bbox 546 3712 2385 3810">
     <span class='ocr_line' id='line_1_38' title="bbox 546 3712 2385 3810; baseline -0.002 -44"><span class='ocrx_word' id='word_1_381' title='bbox 546 3766 576 3809; x_wconf 64' lang='grc'><em>2</em></span> <span class='ocrx_word' id='word_1_382' title='bbox 604 3760 637 3810; x_wconf 76' lang='lat' dir='ltr'>b</span> <span class='ocrx_word' id='word_1_383' title='bbox 662 3760 682 3789; x_wconf 74' lang='lat'>4</span> <span class='ocrx_word' id='word_1_384' title='bbox 982 3732 1144 3783; x_wconf 86' lang='lat' dir='ltr'>,quae</span> <span class='ocrx_word' id='word_1_385' title='bbox 1169 3715 1433 3783; x_wconf 87' lang='lat' dir='ltr'>expressio</span> <span class='ocrx_word' id='word_1_386' title='bbox 1459 3732 1661 3783; x_wconf 88' lang='lat' dir='ltr'>semper</span> <span class='ocrx_word' id='word_1_387' title='bbox 1686 3723 1763 3766; x_wconf 89' lang='lat' dir='ltr'>est</span> <span class='ocrx_word' id='word_1_388' title='bbox 1785 3714 2037 3784; x_wconf 85' lang='lat' dir='ltr'>negativa,</span> <span class='ocrx_word' id='word_1_389' title='bbox 2065 3712 2323 3783; x_wconf 76' lang='lat' dir='ltr'>ideoque</span> <span class='ocrx_word' id='word_1_390' title='bbox 2308 3730 2385 3762; x_wconf 76' lang='lat' dir='ltr'>i-ii</span> 
     </span>
    </p>
   </div>
  </div>
 </body>
</html>
