2528 4172
0 1771 19 1927 τ-ῑ-ᾏῩῑὶῆῑζῡ
0 1742 13 1761 ’ἕ«
1 1720 5 1723 >
0 1629 21 1711 1⁸:20&

144 262 648 330 L1BEaTmr1us.]
726 263 1128 318 PRINCIPIA
1167 264 1787 318 MATHEMATICA.
2212 277 2277 322 33

139 408 345 459 dratum
368 406 626 459 distantiae
649 406 884 458 locorum
910 425 940 457 a
965 415 1143 457 centro
1169 405 1407 473 planetae.
1475 406 1545 457 Et
1570 406 1689 457 inde
1717 424 2035 475 consequens
2061 416 2139 458 est
2167 411 2281 475 (per

142 499 301 567 Prop.
330 498 548 549 LXIX.
589 496 707 548 Lib.
736 495 779 547 I.
808 505 859 547 et
883 496 991 564 ejus
1021 494 1330 560 Corollaria)
1347 481 1673 565 'gravitatem
1700 496 1754 546 in
1780 514 1958 547 omnes
1984 496 2280 564 proportio-

136 589 307 640 nalem
334 607 444 639 esse
468 588 698 638 materiae
724 587 778 637 in
803 587 1000 638 iisdem.

211 681 377 732 Porro
416 677 534 730 cum
571 679 793 746 planetae
830 678 1050 746 cujusvis
1090 678 1137 728 A
1177 687 1347 745 partes
1379 696 1559 728 omnes
1601 697 1782 748 graves
1809 679 1909 729 sint
1939 678 1992 729 in
2017 678 2280 745 planetam

134 769 362 838 quemvis
403 768 464 829 B,
506 778 556 818 et
591 768 814 838 gravitas
852 767 1013 835 partis
1054 767 1300 835 cujusque
1339 766 1404 816 sit
1442 767 1508 817 ad
1534 768 1842 837 gravitatem
1868 768 2043 829 totius,
2086 778 2142 818 ut
2166 787 2279 819 ma-

132 858 262 908 teria
285 858 446 927 partis
471 858 539 909 ad
564 857 834 908 materiam
860 857 1049 918 totius3
1090 866 1142 907 et
1166 856 1356 907 actioni
1382 857 1524 907 omni
1550 858 1742 908 reactio
1770 861 1884 926 (per
1908 857 2083 909 motus
2109 859 2278 930 legem

132 948 356 1012 tertiam)
386 947 596 1016 aequalis
624 948 719 1009 sit3
746 947 955 1016 planeta
982 947 1028 998 B
1055 947 1109 997 in
1134 956 1306 1016 partes
1333 965 1512 998 omnes
1539 948 1761 1015 planetae
1783 949 1835 1000 A
1860 949 2081 1001 vicissim
2107 951 2278 1021 gravi-

130 1035 275 1097 tabit,
307 1043 359 1086 et
384 1036 483 1086 erit
506 1035 730 1106 gravitas
759 1055 852 1086 sua
876 1036 930 1086 in
954 1042 1156 1104 partem
1183 1054 1600 1105 unamquamque
1627 1037 1694 1087 ad
1719 1037 2023 1107 gravitatem
2050 1057 2197 1090 suam
2222 1040 2278 1092 in
2308 1079 2310 1083 y

129 1133 314 1188 totum,
342 1135 400 1176 ut
423 1125 638 1175 materia
661 1125 821 1193 partis
848 1125 916 1176 ad
940 1125 1209 1176 materiam
1236 1125 1410 1175 totius.
1489 1124 1557 1185 Q.
1587 1144 1630 1176 e.
1659 1124 1710 1175 d.

206 1215 369 1266 Corol.
403 1221 447 1265 l.
490 1213 673 1265 Oritur
709 1215 867 1285 igitur
904 1224 955 1266 et
992 1214 1328 1283 componitur
1365 1216 1591 1286 gravitas
1625 1216 1679 1266 in
1713 1216 1976 1284 planetam
2007 1226 2175 1268 totum
2212 1237 2278 1269 ex
2333 1234 2336 1236 ’

128 1303 379 1374 gravitate
415 1304 470 1353 in
507 1313 683 1372 partes
722 1304 965 1375 singulas.
1046 1304 1207 1373 Cujus
1245 1304 1321 1354 rei
1362 1305 1599 1372 exempla
1635 1304 1886 1356 habemus
1923 1306 1981 1374 (⁰)
2010 1307 2063 1356 in
2090 1317 2276 1359 attrac-

130 1393 354 1445 tionibus
380 1393 682 1464 magneticis
710 1403 761 1444 et
787 1393 1055 1445 electricis.
1135 1392 1322 1445 Oritur
1343 1394 1481 1444 enim
1498 1394 1736 1445 attractio
1762 1395 1929 1445 omnis
1947 1396 2000 1445 in
2018 1404 2181 1446 totum
2211 1415 2278 1447 ex

129 1484 518 1535 attractionibus
545 1484 598 1533 in
623 1493 796 1552 partes
824 1483 1067 1554 singulas.

127 1574 320 1643 piendo
355 1574 586 1641 planetas
618 1573 793 1642 plures
817 1574 1044 1624 minores
1070 1573 1124 1622 in
1149 1591 1312 1623 unum
1338 1573 1555 1643 globum
1586 1573 1724 1624 coire
1751 1583 1802 1624 et
1825 1574 2089 1641 planetam
2113 1576 2275 1643 majo-

1148 1483 1211 1551 (ἃ)
1244 1483 1349 1534 Res
1375 1483 1690 1554 intelligetur
1715 1484 1769 1534 in
1794 1485 2061 1555 gravitate,
2104 1487 2276 1537 conci-

127 1683 238 1715 rem
272 1682 599 1733 componere.
676 1664 815 1714 Nam
839 1663 914 1714 vis
941 1663 1098 1714 totius
1126 1682 1197 1714 ex
1221 1663 1420 1714 viribus
1446 1666 1675 1732 partium
1702 1665 2125 1732 componentium
2151 1667 2276 1716 oriri

128 1756 350 1810 debebit.
428 1757 488 1825 (Ε)
532 1757 588 1809 Si
626 1754 738 1826 quis
775 1755 984 1825 objiciat
1021 1754 1164 1824 quod
1203 1772 1425 1823 corpora
1462 1757 1652 1820 omnia,
1696 1775 1812 1827 quae
1848 1755 1989 1824 apud
2013 1774 2108 1807 nos
2137 1766 2273 1821 sunt,

182 1927 237 1981 (⁰)
261 1931 282 1953 ²*
304 1932 358 1969 In
375 1929 663 1967 attractionibus
682 1930 904 1978 magneticis
922 1936 956 1967 et
976 1929 1167 1972 electricis‚

125 1982 195 2019 ubi
224 1990 266 2020 ut
292 1981 507 2030 plurimum
535 1980 613 2030 quo
641 1982 766 2032 majus
792 1990 847 2019 est
873 1983 1078 2028 attrahens,
1110 1979 1169 2027 eo,

128 2036 274 2072 caeteris
292 2036 459 2084 paribus,
481 2034 605 2084 major
623 2043 679 2072 est
697 2036 883 2072 attractio,

182 2088 235 2140 (d)
258 2091 279 2113 ²*
304 2092 379 2129 Res
397 2090 623 2137 intelligetur
641 2090 684 2126 in
699 2091 894 2138 gravitate.

128 2149 219 2179 sunt
239 2149 284 2179 ut
300 2142 461 2179 materia
475 2142 514 2177 in
530 2142 706 2178 omnium
722 2141 932 2179 formarum
950 2142 1173 2191 corporibus

126 2194 242 2244 atque
268 2193 357 2233 ideo
386 2208 463 2231 non
491 2201 695 2232 mutantur
721 2208 812 2232 cum
840 2195 985 2239 formis,
1017 2194 1172 2243 reperiri

126 2248 269 2285 debent
295 2248 335 2285 in
364 2248 584 2296 corporibus
611 2248 798 2285 universis
826 2248 1067 2298 singulisque
1091 2260 1174 2285 cor-

955 2089 1068 2126 Vires
1086 2101 1173 2137 quae

126 2313 265 2349 porum
285 2301 468 2349 partibus,
491 2309 528 2338 et
548 2314 629 2339 esse
648 2301 950 2350 proportionales
968 2300 1187 2353 quantitati(

126 2354 308 2400 materiae,
338 2354 430 2392 hinc
448 2354 504 2391 vis
523 2356 689 2403 corporis
709 2355 827 2392 totius
848 2368 893 2392 ex
915 2354 1059 2391 viribus
1086 2367 1171 2403 par-

124 2407 223 2444 tium
259 2408 575 2455 componentium
612 2408 702 2445 oriri
739 2408 902 2446 debebit.
966 2408 1003 2445 Si
1043 2409 1171 2458 itaque

126 2460 386 2510 concipiamus
413 2461 439 2500 J
443 2474 552 2499 ovem
573 2469 610 2499 et
630 2461 812 2499 satellites
831 2462 914 2512 ejus
933 2462 981 2498 ad
1001 2474 1041 2498 se
1069 2462 1167 2498 invi-

126 2526 210 2551 cem
242 2514 423 2551 accedere
456 2523 501 2552 ut
533 2515 694 2565 globum
724 2515 888 2552 unicum
920 2523 1167 2563 componant,

124 2576 286 2617 pergent
306 2568 452 2617 singuli
471 2581 551 2606 sese
570 2566 710 2606 mutuo
729 2569 892 2614 trahere,
915 2576 953 2605 et
973 2567 1169 2606 viceversa

125 2620 158 2658 si
184 2633 323 2669 corpus
342 2621 451 2660 Jovis
469 2621 723 2660 resolveretur
740 2622 782 2658 in
800 2622 936 2672 globos
955 2621 1097 2670 plures,
1127 2621 1170 2658 hi

123 2672 278 2724 quo'que
304 2674 424 2725 globi,
454 2674 663 2714 satellitum
681 2675 812 2720 instar,
833 2688 914 2713 sese
932 2672 1072 2713 mutuo
1092 2682 1168 2712 tra-

123 2727 270 2765 herent.

177 2783 240 2819 67.
279 2780 396 2819 Globi
425 2781 614 2833 cujusque
641 2781 698 2819 vis
716 2781 891 2820 absoluta
908 2789 965 2819 est
983 2788 1028 2819 ut
1047 2793 1169 2831 quan-

123 2832 211 2871 titas
227 2835 398 2872 materiae
416 2832 457 2871 in
476 2835 611 2872 eodem
630 2835 747 2885 globo
762 2850 774 2881 ;
803 2835 860 2872 vis
878 2842 1009 2872 autem
1027 2835 1169 2872 motrix

123 2886 202 2936 qua
227 2887 368 2938 globus
394 2888 662 2939 unusquisque
681 2888 845 2926 trahitur
862 2888 903 2924 in
923 2888 1100 2934 alterum,
1130 2895 1169 2925 et

123 2951 210 2990 quae
237 2940 418 2989 ponderis
444 2942 601 2978 nomine
626 2940 745 2992 vulgo
776 2940 1009 2992 designatur,
1041 2948 1098 2979 est
1123 2949 1169 2979 ut

124 3001 348 3043 contentum
377 2995 449 3031 sub
476 2994 754 3044 quantitatibus
774 2995 946 3032 materiae
971 2994 1012 3031 in
1043 2994 1169 3044 globis

125 3044 278 3084 duobus
300 3047 534 3095 applicatum
564 3047 613 3085 ad
635 3047 868 3097 quadratum
888 3047 1080 3085 distantiae
1108 3047 1165 3084 in-

124 3105 183 3136 ter
200 3107 330 3137 centra
350 3103 436 3151 (per
456 3101 546 3138 Cor·
568 3105 604 3137 4.
627 3101 743 3149 Prop.
769 3101 978 3139 LXXVI.
1005 3101 1091 3138 Lib.
1114 3100 1166 3150 Ι.)

126 3158 165 3189 et
181 3152 273 3190 huic
290 3152 327 3190 vi
346 3153 639 3202 proportionalis
658 3162 714 3191 est
732 3154 924 3204 quantitas
943 3152 1072 3192 motfis
1090 3152 1170 3204 qua.

125 3203 265 3255 globus
289 3213 452 3256 uterque
477 3206 567 3244 dato
585 3215 756 3256 tempore
775 3207 992 3245 movebitur
1011 3207 1052 3243 in
1072 3207 1167 3244 alte-

126 3269 215 3294 rum
248 3258 362 3310 (Def.
386 3259 515 3297 VIII.
542 3260 629 3298 Lib.
657 3260 714 3310 Ι.)
744 3260 801 3298 vis
822 3269 952 3298 autem
981 3260 1168 3298 accelera-

126 3310 202 3348 trix
219 3310 295 3361 qua
312 3312 451 3362 globus
469 3313 733 3363 unusquisque
752 3326 822 3362 pro
836 3314 982 3351 ratione
997 3313 1167 3350 materiae

126 3376 215 3413 quae
242 3365 443 3403 attrahitur
469 3366 510 3402 in
532 3366 696 3404 alterum
722 3374 779 3404 est
806 3375 851 3404 ut
873 3368 1065 3416 quantitas
1084 3379 1167 3403 ma-

126 3416 231 3454 teriae
262 3416 303 3454 in
334 3414 450 3468 globo
479 3419 598 3457 altero
626 3418 818 3470 applicata
849 3420 899 3457 ad
934 3420 1168 3471 quadratum

70 3513 74 3519 ⁸
126 3469 318 3507 distantiae
362 3470 461 3508 inter
504 3480 633 3511 centra
689 3475 774 3525 (per
822 3474 912 3512 Cor.
961 3478 995 3510 2.
1045 3473 1162 3521 Prop.

128 3522 343 3561 LXXVI.
375 3522 462 3560 Lib.
485 3524 536 3574 1.)
565 3533 603 3563 et
626 3526 718 3563 huic
736 3526 772 3563 vi
791 3525 1086 3575 proportionalis
1111 3533 1168 3562 est

127 3576 307 3615 velocitas
325 3574 403 3625 qua
426 3575 564 3626 globus
582 3586 764 3616 attractus
783 3580 872 3617 dato
891 3587 1063 3627 tempore
1082 3591 1168 3616 mo-

127 3629 279 3667 vebitur
296 3629 338 3665 in
357 3629 521 3666 alterum
542 3629 655 3681 (Des.
681 3631 785 3669 V11.
812 3632 900 3669 Lib.
927 3632 999 3681 L).
1060 3631 1169 3668 Hinc

130 3694 336 3731 corporum
359 3682 569 3720 coelestium
592 3690 721 3721 motus
745 3685 846 3722 inter
867 3698 907 3722 se
932 3693 1094 3734 possunt
1115 3684 1171 3721 fa-

129 3734 202 3773 eile
220 3734 479 3773 determinari.
542 3735 648 3780 Quia
666 3734 756 3775 vero
774 3746 948 3785 respectu
966 3739 1096 3776 Terrae
1114 3745 1172 3774 to-

130 3787 211 3844 tius·
239 3787 383 3843 exigua
413 3787 626 3828 admodum
661 3797 753 3828 sunt
783 3802 942 3839 corpora
970 3790 1172 3835 terrestria,

1225 1932 1331 1975 patet
1367 1927 1567 1965 minimam
1605 1941 1761 1980 quoque
1798 1942 1879 1968 esse
1915 1935 2096 1966 mutuam
2133 1928 2274 1966 horum

1226 1992 1431 2027 corporum
1462 1983 1727 2019 attractionem
1760 1991 1934 2032 respectu
1968 1981 2206 2020 attractionis
2235 1982 2276 2019 in

1229 2033 1388 2070 Terram
1418 2043 1549 2072 totam.
1613 2036 1674 2074 Sic
1699 2039 1847 2085 sphaera
1878 2038 2008 2074 Terrae
2032 2036 2276 2085 homogenea

1228 2086 1490 2137 diametroque
1520 2089 1626 2136 pedis
1651 2092 1770 2127 unius
1789 2091 1977 2138 descripta
1995 2090 2125 2125 minus
2151 2089 2276 2127 trahet

1227 2141 1502 2188 corpusculum
1543 2141 1658 2192 juxta
1709 2145 1951 2192 superficiem
1997 2154 2108 2179 suam
2156 2140 2274 2191 quam

1232 2193 1352 2230 Terra
1367 2192 1480 2243 juxta
1500 2209 1608 2232 suam
1628 2197 1669 2232 in
1689 2198 1835 2235 ratione
1855 2197 2030 2234 diametri
2050 2195 2209 2243 sphaerae
2223 2194 2274 2232 ad

1231 2246 1463 2283 diametrum
1504 2249 1634 2287 Terrae
1674 2251 1811 2302 (Prop.
1852 2248 2048 2288 LXXII.
2085 2248 2173 2285 Lib.
2212 2247 2271 2298 I.)

1228 2299 1301 2336 hoc
1338 2306 1394 2336 est
1430 2300 1471 2336 in
1504 2302 1651 2340 ratione
1685 2309 1701 2340 1
1738 2305 1786 2340 ad
1819 2306 2029 2344 39231566
2060 2300 2137 2338 sive
2174 2305 2190 2338 1
2223 2301 2273 2339 ad

1229 2356 1443 2391 40000000
1470 2354 1626 2401 circiter,
1657 2369 1745 2406 quae
1771 2358 1923 2396 tantilla
1949 2356 2005 2392 vis
2032 2353 2164 2392 sentiri
2191 2366 2273 2393 non

1225 2412 1362 2453 potest.

1283 2459 1340 2510 (ε)
1364 2462 1385 2484 *
1412 2463 1450 2498 Si
1469 2464 1553 2511 quis
1571 2464 1727 2513 οἷῄἱείαι,
1749 2465 1818 2502 διε.
1875 2459 2165 2515 BIajora'etiam
2184 2473 2272 2510 quae

1224 2510 1268 2548 in
1299 2511 1421 2551 Terra
1448 2515 1598 2566 concipi
1623 2525 1787 2566 possunt
1807 2531 1966 2568 corpora
1984 2514 2090 2553 haud
2108 2527 2271 2568 magnos

1226 3629 1386 3668 effectus
1404 3627 1628 3678 producent.
1691 3626 1748 3665 Sit
1781 3627 1885 3665 enim
1916 3629 1952 3666 E
1977 3630 2025 3669 M
2047 3633 2089 3670 N
2108 3634 2146 3672 R
2179 3635 2270 3673 Tel.

1225 3683 1300 3728 lus,
1321 3683 1431 3731 cujus
1451 3688 1626 3718 centrum
1645 3680 1690 3725 C,
1712 3693 1833 3732 eaque
1852 3692 2017 3730 ponatur
2036 3688 2221 3735 sphaerica
2235 3697 2272 3727 et

1227 3738 1481 3784 homogenea.
1561 3733 1618 3771 Sit
1653 3746 1792 3783 corpus
1828 3736 2064 3788 ubicumque
2100 3741 2196 3789 puta
2230 3742 2271 3778 in

1231 3789 1317 3827 loco
1339 3789 1388 3832 B,
1419 3786 1571 3825 sublato
1589 3788 1697 3824 omni
1724 3786 2014 3840 impedimento,
2033 3793 2084 3831 ad
2105 3795 2276 3832 Telluris

330 3864 351 3884 ⁴
1157 3857 1241 3896 Es
