2528 4172
202 3264 206 3268 “
273 3262 438 3312 gravitas
467 3259 634 3309 corporis
666 3259 707 3296 in
740 3259 773 3296 A
805 3257 918 3306 positi
948 3255 1053 3306 quod
1078 3264 1136 3292 est
1154 3263 1199 3291 ut
1221 3254 1261 3298 Q
1282 3256 1315 3291 C

271 279 337 327 78
768 269 1334 323 PHILOSOPHIAE
1373 271 1840 326 NATURALIS
1881 273 1999 338 [DE
2022 275 2224 328 Mmm.
2250 278 2421 331 SrsT.¹

696 531 1168 585 PRoPosrrlo
1207 493 1340 584 xx.
1419 533 1849 588 PROBLEMA
1887 537 1982 589 IV.

271 687 508 740 Invenire
532 695 580 738 et
605 689 738 739 inter
762 704 812 738 se
839 703 1128 753 comparare
1143 688 1376 754 pondera
1400 706 1654 756 corporum
1679 692 1734 741 in
1768 691 1939 742 Terrae
1963 691 2105 760 lzzgjus
2128 694 2408 761 regionibus

1230 779 1453 832 diversis.

343 933 405 1000 (ὃ)
443 931 708 993 Quoniam
744 932 979 1000 pondera
1015 932 1347 1002 inaequalium
1383 951 1594 986 crurum
1633 938 1824 988 canalis
1862 955 2040 1008 aqueae
2068 939 2118 989 A
2143 939 2187 990 C
2211 939 2264 1001 Q
2284 958 2410 1008 qca

267 1020 488 1090 aequalia
513 1030 660 1083 sunt3
689 1030 740 1071 et
763 1021 997 1088 pondera
1020 1021 1262 1089 partium,
1292 1023 1528 1074 cruribus
1553 1025 1673 1077 totis
1698 1016 2166 1096 proportionalium
2192 1038 2244 1079 et
2270 1029 2409 1079 simi-—

268 1113 385 1164 liter
400 1112 455 1163 in
475 1113 594 1163 totis
616 1112 846 1175 sitarum,
867 1123 988 1163 sunt
1006 1112 1071 1163 ad
1088 1112 1307 1163 invicem
1326 1123 1384 1164 ut
1401 1131 1533 1182 pon·
1976 1170 2025 1210 A
2042 1175 2083 1209 Ἰ

269 1202 396 1254 dera
418 1210 664 1265 totorum,
693 1202 914 1271 ideoque
940 1201 1094 1253 etiam
1111 1203 1384 1271 aequantur
1408 1203 1543 1254 inter

270 1312 323 1344 se
339 1313 353 1355 3
394 1301 548 1344 erunt
580 1291 816 1360 pondera
850 1290 1127 1360 aequalium
1154 1300 1205 1342 et
1228 1291 1282 1341 in
1308 1291 1542 1343 cruribus

271 1380 508 1432 similiter
534 1380 750 1431 sitarum
773 1379 1000 1447 partium
1017 1378 1279 1447 reciproce
1296 1389 1355 1430 ut
1374 1398 1541 1443 crura,

266 1471 322 1523 id
348 1483 441 1536 est,
470 1469 734 1539 reciproce
761 1479 819 1520 ut
845 1476 949 1521 230
976 1468 1043 1519 ad
1070 1475 1191 1521 229.
1257 1468 1327 1519 Et
1349 1487 1445 1537 par
1470 1480 1546 1521 est

267 1563 400 1614 ratio
436 1562 882 1632 homogeneorum
913 1569 965 1610 et
997 1558 1272 1628 aequalium
1298 1577 1544 1628 quorum·-

267 1653 343 1704 vis
378 1662 430 1704 et
464 1652 520 1703 in
557 1650 749 1702 canalis
789 1648 1025 1700 cruribus
1060 1647 1293 1699 similiter
1330 1649 1546 1701 sitorum

269 1760 562 1811 corporum.
642 1739 855 1792 Horum
880 1737 1115 1806 pondera
1141 1746 1261 1788 sunt
1283 1739 1547 1807 reciproce

267 1841 325 1883 ut
363 1847 530 1893 crura,
570 1829 625 1879 id
651 1836 745 1890 est,
779 1825 1042 1895 reciproce
1069 1835 1127 1876 ut
1151 1825 1407 1877 distantiae
1433 1846 1546 1878 cor-

265 1940 455 1990 porum
480 1939 511 1971 a
535 1928 714 1971 centro
735 1915 935 1969 Terrae.
1002 1913 1230 1967 Proinde
1251 1915 1294 1966 si
1319 1934 1538 1985 corpora

268 2009 322 2060 in
350 2007 606 2078 supremis
634 2006 889 2058 canalium
923 2004 1174 2073 partibUS,
1206 2003 1312 2055 sive
1336 2005 1391 2055 in
1418 2008 1689 2075 superficie
1717 2008 1899 2060 Terrae
1926 2008 2223 2071 consistant,
2264 2019 2416 2060 erunt

267 2098 503 2168 pondera
539 2115 721 2150 eorum
757 2096 825 2147 ad
860 2094 1084 2147 invicem
1122 2093 1388 2162 reciproce
1426 2107 1483 2148 ut
1520 2097 1778 2151 distantiae
1815 2118 1995 2151 eorum
2021 2119 2052 2151 a
2076 2110 2268 2151 centro.
2346 2100 2416 2151 Et

270 2251 462 2291 industria
493 2249 762 2290 determinabit
793 2247 1080 2301 generalissime
1113 2248 1316 2286 meridiani
1376 2252 1412 2289 A
1433 2253 1465 2292 C
1485 2252 1526 2297 Q
1540 2254 1629 2304 (per
1650 2251 1783 2303 Hyp.)
1804 2252 1923 2300 unde,
1944 2265 1992 2290 ex
2011 2264 2134 2302 aequo,
2155 2251 2363 2302 aequalium
2377 2260 2417 2290 et

268 2306 434 2356 figuram
450 2318 495 2343 ex
511 2305 692 2356 genuinis
709 2302 973 2341 Newtonianis
991 2301 1207 2349 Principiis,
1225 2302 1314 2339 nul-
1368 2306 1703 2355 homogeneorum
1731 2318 1937 2354 corporum
1964 2306 2004 2342 in
2027 2305 2196 2342 Telluris
2214 2305 2416 2353 superficie

269 2357 308 2395 la
335 2357 611 2408 praesupposita
637 2357 685 2396 ad
713 2357 914 2401 circulum,
943 2355 1122 2403 ellipsim,
1151 2354 1313 2392 aliamve
1369 2359 1493 2395 ubivis
1512 2358 1804 2396 consistentium
1833 2359 2039 2408 gravitates
2059 2358 2245 2398 absolutae
2263 2365 2353 2396 sunt
2371 2365 2417 2396 ut

267 2425 424 2449 curvam
453 2412 650 2457 affinitate,
679 2411 758 2447 sive
784 2409 844 2447 his
871 2407 1027 2446 calculis
1054 2406 1145 2456 ipsis
1162 2407 1314 2445 felicius
1366 2411 1556 2449 distantiae
1576 2424 1599 2449 a
1616 2418 1749 2449 centro
1767 2411 1971 2461 reciproce.

268 2464 437 2502 tractatis
455 2465 533 2502 sive
551 2464 646 2501 aliis.

323 2517 380 2570 (²)
417 2521 437 2542 ³*
476 2519 671 2561 Quoniam
703 2518 887 2565 pondera.
960 2512 1210 2563 Concipiatur
1247 2514 1310 2565 (ut

269 2569 385 2619 supra
415 2570 532 2618 Prop.
558 2569 708 2619 XIX.)
738 2568 880 2606 canalis
898 2580 1008 2616 aquae
1031 2566 1146 2615 plena
1172 2580 1196 2604 a
1222 2567 1313 2615 polo

273 2624 314 2668 Q
331 2636 357 2674 q
374 2623 423 2661 ad
442 2631 618 2661 centrum
641 2623 673 2661 C
694 2635 715 2659 c
734 2629 773 2659 et
796 2620 887 2657 inde
906 2620 954 2657 ad
973 2628 1206 2670 aequatorem
1230 2622 1267 2656 A
1289 2633 1313 2657 a

270 2689 445 2727 pergens.
507 2677 612 2720 Quia
644 2681 793 2724 oportet
820 2672 986 2710 fluidum
1018 2672 1211 2722 quiescere
1245 2674 1312 2724 (ex

276 2730 408 2779 Hyp.)
438 2730 509 2767 erit
527 2727 693 2766 fluidum
712 2728 753 2764 in
771 2725 913 2764 canalis
941 2738 1051 2762 crure
1081 2725 1118 2762 A
1143 2726 1175 2763 C
1201 2725 1241 2761 in
1261 2738 1312 2762 ae-

270 2782 455 2832 quilibrio
479 2794 569 2819 cum
597 2780 718 2819 fluido
748 2780 788 2817 in
817 2778 989 2829 ejusdem
1025 2778 1168 2815 canalis
1203 2789 1314 2816 crure

275 2837 316 2879 Q
331 2836 376 2882 C,
397 2844 435 2873 et
454 2835 577 2884 portio
594 2834 775 2885 quaelibet
793 2832 901 2870 fluidi
921 2832 962 2869 in
981 2843 1091 2869 crure
1112 2832 1144 2868 C
1163 2832 1198 2869 A
1218 2843 1313 2868 con-

269 2890 376 2927 sistet
394 2889 434 2926 in
454 2887 667 2938 aequilibrio
693 2899 784 2924 cum
804 2885 919 2923 simili
937 2893 976 2922 et
993 2884 1169 2922 similiter
1187 2883 1311 2932 posita

269 2941 380 2979 fluidi
409 2943 580 2991 portione
607 2940 647 2977 in
676 2952 785 2977 crure
816 2939 848 2977 C
873 2939 913 2983 Q
932 2939 997 2990 (cx
1027 2937 1307 2983 demonstratis,

270 2994 310 3032 in
331 2996 445 3044 Prop.
468 2993 649 3043 praeced.)
665 2992 764 3030 idem
780 3004 933 3042 quoque
951 2992 1066 3028 simili
1080 2998 1310 3041 argumento

270 3049 466 3099 colligitur
501 3047 550 3085 de
585 3046 808 3096 corporibus
838 3044 1033 3093 quibusvis
1063 3043 1314 3093 homogeneis

270 3101 419 3139 etiamsi
435 3100 554 3138 fluida
567 3112 645 3137 non
661 3099 748 3136 sint.
803 3096 934 3142 Quare
954 3109 1112 3145 corpora
1128 3097 1313 3146 homoge-

272 3166 346 3192 nea
366 3167 454 3205 quae
473 3162 563 3191 sunt
581 3161 626 3191 ut
643 3154 681 3191 A
699 3152 744 3198 C,
765 3152 807 3196 Q
822 3152 854 3189 C
874 3150 915 3187 in
937 3150 1030 3187 locis
1046 3153 1084 3187 A
1105 3157 1143 3187 et
1164 3149 1205 3193 Q
1222 3161 1313 3185 con-

271 3208 405 3246 stituta
424 3206 534 3257 aeque
553 3206 683 3257 gravia
700 3214 792 3243 sunt
810 3202 941 3241 versus
954 3210 1128 3241 centrum
1148 3203 1193 3240 C.
1238 3201 1316 3239 Sed

272 3321 330 3351 est
361 3312 410 3350 ad
441 3314 666 3363 gravitatem
698 3310 856 3349 alterius
886 3310 1053 3358 corporis
1084 3305 1315 3357 homogeuei

273 3366 416 3403 ibidem
436 3366 631 3403 constituti
652 3364 756 3416 quod
776 3370 832 3401 est
850 3371 895 3401 ut
918 3364 953 3400 A
979 3363 1011 3400 C
1031 3362 1139 3399 sicut.
1152 3361 1194 3404 Ω
1214 3360 1245 3397 C
1265 3359 1316 3397 ad

276 3420 316 3457 A
342 3419 386 3457 C.
449 3418 548 3456 Sunt
566 3418 670 3455 enim
690 3429 894 3466 corporum
918 3417 1246 3465 homogeneorum
1276 3412 1316 3449 in

274 3471 412 3510 eodem
444 3471 531 3508 loco
560 3471 850 3508 consistentium
880 3468 1051 3519 pondera
1080 3475 1125 3505 ut
1155 3466 1318 3514 ipsamet

274 3536 444 3573 corpora,
467 3521 559 3573 ergo
578 3535 781 3571 corporum
807 3524 1136 3572 homogeneorum
1155 3519 1197 3556 in
1221 3519 1257 3555 A
1278 3526 1318 3555 et
1427 3516 1448 3539 ³²
1475 3512 1713 3552 Gravitatem
1740 3510 1908 3560 corporis
1935 3511 1976 3548 in
2006 3511 2043 3549 E
2072 3522 2153 3548 esse
2177 3508 2227 3547 ad
2250 3507 2414 3557 gravita-

280 3578 323 3622 Q
346 3577 560 3625 positorum
588 3576 790 3624 gravitates
817 3583 908 3612 sunt
935 3582 980 3613 ut
1010 3575 1052 3618 Ω
1071 3573 1104 3611 C
1130 3572 1179 3610 ad
1205 3572 1242 3609 A
1267 3571 1313 3609 C.
1371 3574 1453 3605 tem
1484 3566 1652 3614 corporis
1683 3567 1723 3602 in
1760 3566 1802 3609 Q
1827 3573 1872 3602 ut
1895 3565 1926 3603 C
1951 3566 1993 3609 Q
2017 3563 2066 3601 ad
2088 3564 2119 3601 C
2141 3563 2178 3599 E
2207 3572 2339 3600 verum
2358 3568 2415 3595 est

278 3630 433 3669 Eodem
461 3627 578 3666 modo
596 3628 818 3665 ostendetur
836 3628 1060 3678 gravitatem
1082 3624 1249 3673 corporis
1274 3624 1317 3661 in
1373 3632 1454 3658 non
1481 3617 1762 3664 mathematice,
1791 3617 1858 3655 sed
1885 3630 2002 3668 quam
2026 3614 2201 3665 proxime
2215 3628 2227 3660 ;
2256 3610 2415 3650 directio

276 3684 362 3722 loco
377 3683 425 3725 E,
447 3682 487 3718 in
507 3679 626 3719 altera
644 3679 890 3730 quacumque
909 3680 1033 3718 canali
1052 3680 1083 3717 C
1099 3679 1150 3720 E,
1168 3691 1248 3715 esse
1267 3676 1316 3715 ad
1375 3672 1479 3711 enim
1508 3672 1704 3722 gravitatis
1731 3673 1899 3719 corporis
1925 3671 2038 3719 positi
2056 3671 2097 3705 in
2118 3668 2154 3705 E
2174 3677 2252 3703 non
2271 3671 2328 3701 est
2354 3676 2411 3700 se-

276 3736 503 3788 gravitatem
518 3734 685 3782 corporis
700 3733 857 3783 aequalis
871 3741 909 3770 et
925 3731 1158 3782 homogenei
1176 3731 1218 3768 in
1238 3730 1325 3767 loco
1378 3724 1554 3763 cundum
1585 3724 1622 3760 E
1646 3724 1690 3769 C,
1719 3723 1774 3761 ita
1796 3731 1840 3760 ut
1859 3723 1906 3760 ad
1925 3731 2098 3760 centrum
2122 3721 2154 3757 C
2173 3716 2318 3761 tendat,
2346 3716 2414 3753 scd

281 3791 336 3835 Q,
367 3796 412 3827 ut
446 3789 478 3827 C
503 3788 544 3831 Q
570 3786 620 3824 ad
652 3787 684 3824 C
706 3786 772 3832 E3
801 3784 967 3823 fluidum
1000 3787 1102 3822 enim
1121 3785 1172 3825 ,in
1198 3782 1323 3821 canali
1378 3785 1436 3816 est
1467 3776 1794 3826 perpendicularis
1825 3774 2039 3824 superficiei
2074 3773 2116 3815 Ω
2139 3771 2175 3809 Ε
2201 3773 2237 3808 Α
2273 3771 2337 3820 (ut
2366 3779 2414 3806 ex

283 3845 323 3882 A
347 3842 379 3885 C
407 3842 444 3881 E
481 3841 675 3892 quiescere
706 3839 821 3878 debet
852 3837 951 3877 sicut
982 3838 1023 3876 in
1056 3837 1171 3887 priori
1200 3834 1326 3875 canali
1378 3831 1481 3870 facto
1509 3829 1647 3880 liquet)
1677 3829 1767 3867 hinc
1792 3828 1996 3879 gravitates
2021 3826 2064 3863 in
2083 3823 2247 3874 singulis
2265 3821 2415 3872 punctis
