2528 4172
857 769 1505 834 MONITUM.

114 994 572 1075 PRINCIPIORUM
624 1021 1186 1075 MATHEMATICORUM
1232 1022 1421 1075 Libros
1469 1032 1573 1075 tres
1615 1023 1832 1077 totidem
1878 1026 2243 1078 Voluminibus

116 1118 387 1187 complecti
410 1117 801 1180 meditabamur,
842 1117 998 1187 idque
1027 1118 1137 1186 jam
1161 1117 1216 1168 in
1241 1116 1399 1169 altera
1426 1116 1596 1186 operis
1621 1115 1786 1167 nostri
1809 1124 1957 1184 parte
1980 1113 2242 1166 fueramus

113 1206 343 1275 polliciti.
422 1205 531 1257 Cur
555 1205 763 1256 tertium
791 1204 1030 1256 Newtoni
1056 1205 1277 1257 Librum
1300 1205 1355 1255 in
1380 1204 1507 1256 duas
1533 1204 1821 1256 dividamus
1845 1211 2018 1271 partes
2043 1202 2242 1254 datam-

113 1315 213 1366 que
249 1296 407 1347 fidem
440 1314 547 1346 non
577 1296 869 1358 liberemus,
902 1296 958 1346 in
997 1295 1148 1347 causa
1188 1305 1307 1347 sunt
1340 1295 1592 1366 praeclara
1629 1295 1695 1346 de
1736 1295 1909 1346 Fluxu
1938 1303 1989 1344 et
2017 1294 2245 1347 Refluxu

115 1384 283 1436 Maris
311 1383 489 1452 Opera
514 1402 631 1453 quae
660 1402 796 1435 anno
827 1389 979 1439 1740.
1008 1403 1039 1435 a
1062 1383 1393 1435 celeberrima
1423 1384 1700 1436 Parisiensi
1717 1382 1999 1435 Academia
2024 1385 2245 1453 praemio

109 1472 252 1525 fuere
278 1473 631 1525 condecorata.
697 1472 804 1524 Tot
829 1482 879 1524 et
898 1481 1005 1524 tam
1030 1472 1219 1523 eximia
1244 1472 1299 1523 in
1322 1471 1464 1524 hisce
1490 1472 1732 1541 operibus
1759 1472 2103 1534 continentur,
2127 1490 2244 1542 quae

83 1595 92 1608 .
111 1580 219 1616 non
241 1561 312 1613 ad
334 1561 534 1612 fluxum
558 1562 916 1631 refluxumque
933 1560 1088 1612 maris
1108 1560 1375 1623 duntaxat,
1399 1559 1490 1611 sed
1510 1560 1664 1612 etiam
1684 1560 1751 1611 ad
1769 1560 2035 1631 generales
2057 1570 2246 1613 attrac—

108 1655 262 1707 tionis
310 1654 450 1725 leges
489 1654 882 1724 universamque
931 1653 1297 1705 astronomiam
1340 1652 1649 1716 referuntur,
1698 1662 1758 1704 ut
1797 1653 1989 1704 clariss.
2031 1652 2129 1704 Vir
2170 1652 2243 1705 D.

108 1746 156 1798 J.
180 1746 243 1797 L.
275 1746 615 1798 Calandrinus
641 1747 785 1816 cujus
811 1746 1023 1797 consilia
1057 1745 1287 1815 impense
1314 1762 1638 1806 veneramur,
1674 1761 1769 1795 nos
1796 1742 1988 1813 optime
2017 1742 2245 1795 facturos

100 1834 422 1912 judicaverit,
444 1836 486 1887 si
498 1836 748 1905 praedicta
769 1835 1037 1904 Opuscula
1060 1836 1121 1886 iis
1148 1835 1545 1906 adjungeremus
1565 1834 2015 1904 Propositionibus
2033 1852 2160 1904 quas
2180 1833 2247 1886 de

107 1925 253 1976 fluxu
280 1935 330 1977 et
354 1926 555 1977 refluxu
580 1927 736 1977 maris
762 1926 920 1977 habet
945 1927 1261 1988 Newtonus3
1301 1926 1441 1996 quod
1465 1926 1675 1994 quidem
1701 1924 1973 1977 commode
1998 1925 2113 1976 fieri
2137 1942 2248 1976 non

107 2024 325 2084 poterat,
364 2017 464 2067 nisi
499 2017 708 2068 tertium
734 2017 954 2068 Librum
979 2017 1033 2067 in
1059 2016 1187 2068 duas
1211 2026 1384 2085 partes
1411 2016 1772 2067 divideremus.
1851 2014 2105 2077 Quamvis
2132 2032 2248 2066 eam

108 2104 345 2174 religiose
373 2123 634 2156 servemus
660 2105 843 2175 legem,
873 2106 983 2156 sine
1008 2104 1108 2175 qua
1137 2105 1386 2156 honestus
1412 2105 1631 2173 scriptor
1654 2122 1811 2156 nemo
1838 2122 1949 2154 esse
1973 2111 2161 2172 potest,
2190 2111 2250 2154 ut

109 2193 299 2244 scilicet
323 2194 451 2244 nihil
476 2194 676 2265 insigne
706 2213 771 2244 ex
796 2194 969 2263 aliquo
994 2203 1171 2245 autore
1195 2195 1248 2244 in
1274 2212 1426 2245 usum
1451 2203 1688 2245 nostrum
1714 2203 2091 2256 convertamus,
2122 2193 2248 2263 quin

108 2282 155 2333 ei
192 2282 332 2351 quod
370 2301 520 2333 suum
558 2292 649 2344 est,
691 2281 817 2333 dum
853 2283 996 2334 locus
1035 2283 1274 2345 occurrit,
1302 2282 1576 2344 tribuatur,
1605 2281 1881 2350 specialem
1906 2279 2249 2332 nihilominus

107 2373 242 2442 grati
278 2372 435 2423 animi
472 2373 900 2443 significationem
935 2372 1169 2441 profiteri
1205 2372 1443 2424 volumus
1480 2371 1774 2423 clarissimis
1814 2371 2062 2440 omnique
2095 2370 2250 2421 laude

108 2459 284 2511 nostra
321 2460 599 2529 majoribus
640 2461 760 2511 viris
799 2460 929 2512 DD.
961 2460 1180 2522 Cassini,
1209 2459 1274 2510 de
1302 2460 1529 2521 Mairan,
1557 2459 1622 2510 de
1650 2457 1996 2529 Maupertuis,
2028 2476 2249 2527 quorum

107 2548 368 2617 praeclaris
403 2549 621 2600 inventis
646 2547 931 2617 plurimum
955 2548 1146 2599 debent
1163 2547 1278 2599 haec
1302 2557 1479 2599 nostra
1507 2547 1909 2598 Commentaria.
1983 2546 2087 2598 Sed
2107 2556 2250 2598 tanta

110 2645 228 2686 sunt
256 2636 310 2685 in
334 2636 631 2688 universum
666 2635 829 2688 hocce
863 2647 1099 2702 nostrum
1126 2636 1276 2705 Opus
1313 2635 1621 2704 praelaudati
1651 2635 1845 2686 clariss.
1873 2634 1945 2687 D.
1973 2635 2022 2686 J.
2051 2634 2115 2685 L.
2147 2635 2249 2685 Ca-

107 2725 330 2776 landrini
366 2725 632 2789 beneficia,
671 2737 731 2780 ut
765 2726 887 2780 huic
923 2726 1220 2778 doctissimo
1258 2727 1369 2777 viro
1403 2745 1554 2795 pares
1591 2727 1788 2778 meritis
1824 2726 2017 2796 gratias
2055 2723 2248 2775 referre

108 2834 213 2866 non
239 2817 512 2885 possimus.
1481 2802 1492 2813 ⁸

180 2904 297 2956 Jam
324 2905 419 2955 sub
461 2905 626 2973 praelo
653 2916 730 2958 est
755 2906 916 2957 altera
940 2915 992 2956 et
1015 2904 1199 2956 ultima
1227 2901 1732 2956 Commentariorum
1755 2913 2057 2956 nostrorum
2086 2905 2244 2965 Pars;

112 2992 233 3060 quia
268 2991 390 3043 vero
427 2993 599 3044 nullus
626 3004 702 3045 est
727 3004 834 3045 tam
859 2992 1134 3044 mediocris
1159 2993 1369 3062 ingenii,
1411 3011 1565 3061 quem
1589 3012 1712 3044 usus
1739 3003 1791 3044 et
1815 2992 2113 3043 exercitatio
2138 3011 2245 3042 non

112 3081 374 3145 edoceant,
412 3083 535 3136 hinc
571 3084 764 3136 factum
791 3094 867 3136 est
891 3094 950 3135 ut
974 3084 1146 3152 aliqua
1171 3083 1321 3134 nobis
1359 3086 1414 3133 in
1448 3093 1674 3134 mentem
1699 3083 1935 3134 venerint
1961 3101 2076 3151 quae
2100 3083 2244 3134 brevi

112 3171 325 3223 collecta
366 3174 651 3242 appendice
689 3174 841 3226 simul
879 3191 998 3225 cum
1035 3170 1230 3241 reliqua
1269 3172 1405 3222 tertii
1444 3172 1593 3224 Libri
1628 3181 1776 3242 parte
1806 3171 1933 3240 justi
1969 3170 2243 3221 voluminis

114 3259 302 3312 molem
327 3271 654 3332 component.

1497 3473 1653 3510 Datum
1673 3473 1808 3510 Romae

1246 3542 1290 3580 in
1312 3540 1430 3581 Con‘u.
1454 3544 1540 3581 ΒΨ.
1572 3542 1771 3580 Trinitatis
1788 3554 1890 3580 anno
1914 3542 2026 3579 1742.

1040 3628 1108 3668 ΑΞ
