2528 4172
315 257 418 305 262
731 249 1177 316 INQUisITIO
1216 253 1557 309 PHYSICA
1595 256 1680 308 IN
1720 232 2047 312 cAusAM

306 394 487 458 libera,
518 396 609 447 sed
635 392 1021 465 quaquaversus
1046 394 1260 447 materia
1286 396 1515 447 terrestri
1541 396 1871 460 circumdata,
1907 398 2204 471 investigari
2229 411 2448 471 oportet,

306 494 555 553 quantum
583 484 679 533 ista
705 483 921 534 materia
947 483 1189 535 effectum
1213 484 1408 534 viribus
1436 483 1826 536 sollicitantibus
1852 488 2116 539 concedat.

373 577 411 638 ᾗ.
440 578 524 623 25.
568 571 834 632 Quoniam
859 582 1033 622 autem
1058 572 1113 622 in
1137 572 1239 623 hoc
1268 572 1455 640 Capite
1485 573 1636 624 nobis
1661 574 1899 625 nondum
1924 587 2002 628 est
2035 580 2362 646 propositum
2392 581 2448 633 in

304 662 476 730 ipsum
515 662 754 714 effectum
791 664 856 714 ab
894 658 978 714 his'
1013 663 1207 714 viribus
1234 663 1515 714 oriundum
1546 664 1824 733 inquirere,
1862 666 1953 717 sed
1978 676 2179 719 tantum
2204 680 2446 722 conatum

300 751 537 802 evolvere
573 761 728 821 atque
766 752 1079 820 explorare31
1108 749 1407 822 diligentius
1443 752 1840 819 perpendemus,
1888 756 2175 823 cujusmodi
2210 758 2343 810 vires
2378 779 2444 811 ex

299 841 681 893 combinatione
718 843 905 893 harum
942 843 1293 911 potentiarum
1329 842 1637 910 particulam
1668 844 1734 895 M
1760 845 2145 898 sollicitantium
2177 850 2443 904 resultent.

297 929 463 980 Hunc
506 931 560 981 in
603 930 765 982 finem
808 931 1098 983 resolvatur
1139 932 1216 983 vis
1258 930 1324 983 M
1354 932 1390 983 S
1427 931 1482 981 in
1519 931 1648 982 duas
1684 932 1937 999 laterales,
1978 956 2195 1006 quarum
2232 939 2441 994 alterius

298 1018 516 1071 directio
540 1021 788 1089 parallela
814 1022 880 1072 sit
903 1022 1003 1090 ipsi
1033 1022 1077 1073 C
1107 1023 1160 1085 S,
1189 1021 1349 1073 altera
1373 1020 1498 1072 vero
1522 1021 1577 1071 in
1598 1021 1664 1072 M
1682 1022 1727 1073 P
1747 1023 1923 1077 cadat:
1953 1044 2019 1077 ex
2035 1046 2137 1096 quo
2155 1031 2441 1097 reperietur

289 1109 367 1162 vis
393 1111 482 1161 illa
505 1111 814 1180 particulam
841 1111 907 1163 M
931 1112 988 1163 in
1011 1112 1296 1164 directione
1331 1111 1397 1163 M
1425 1111 1479 1172 Q
1503 1129 1696 1181 urgens

509 1207 546 1257 S
568 1210 620 1274 (a
639 1239 710 1246 —
728 1208 787 1272 x)

297 1269 942 1361 =W‚
928 1265 942 1307 3
983 1245 1144 1297 altera
1179 1243 1303 1296 vero
1336 1243 1413 1295 vis
1451 1243 1507 1294 in
1531 1242 1673 1295 direc

283 1421 424 1473 tione
453 1420 518 1473 M
547 1421 592 1472 P
618 1421 828 1475 trahens
863 1443 916 1471 =
1481 1460 1493 1473 .
1556 1419 1693 1473 Cum

283 1569 458 1611 autem
500 1560 755 1627 particula
800 1560 866 1613 M
909 1561 1122 1629 insuper
1157 1559 1393 1611 trahatur
1427 1560 1483 1610 in
1520 1560 1686 1612 direc-

822 1656 840 1674 Ἰ

278 1688 420 1740 tione
447 1687 512 1739 M
540 1687 595 1739 N
620 1688 671 1738 vi
699 1708 750 1734 =
783 1655 849 1735 Ξ
865 1724 881 1750 ,
913 1698 1017 1740 tres
1053 1688 1167 1739 istae
1191 1687 1324 1738 vires
1350 1706 1382 1742 a
1417 1687 1539 1739 Sole
1577 1687 1687 1739 Lu-

776 1759 806 1791 a
832 1760 864 1791 a

276 1828 409 1880 nave
434 1829 489 1879 in
519 1829 556 1881 S
585 1828 837 1880 existente
861 1828 1177 1881 reducentur
1202 1828 1274 1880 ad*
1295 1828 1440 1892 duaS‚
1464 1846 1682 1898 quarum

277 1919 442 1970 altera
500 1919 554 1969 in
616 1918 900 1970 directione
972 1918 1038 1971 M
1091 1919 1144 1980 Q
1204 1937 1395 1990 urgens
1465 1919 1564 1970 erit
1621 1940 1673 1967 =

276 2011 865 2163 ῖφὸὶὲῇ-ῄ-ζέζγξζή
881 2078 952 2087 -
977 2011 1060 2146 ἐξ,
1101 2049 1263 2103 altera
1293 2045 1418 2099 vero
1445 2045 1683 2098 directio-

383 2123 454 2132 .-
831 2130 853 2160 2
1696 2130 1700 2134 ,

272 2239 393 2272 nem
417 2220 614 2272 habens
645 2221 711 2273 M
741 2223 872 2275 Ρ-
821 2243 873 2253 ·-’
1114 2189 1151 2240 S
1163 2206 1210 2298 ἔ
1380 2263 1424 2300 3.
1495 2224 1675 2286 Quare

869 2279 980 2342 «a
998 2303 1069 2312 -
1084 2269 1183 2336 x)2
1199 2271 1253 2321 ÷
1271 2289 1305 2340 y
1319 2269 1409 2337 ²)-52-

271 2360 315 2410 si
340 2370 496 2410 rectae
524 2359 590 2411 M
613 2360 667 2421 Q
695 2371 746 2413 et
773 2362 838 2413 M
861 2363 905 2414 P
930 2362 1011 2414 his
1037 2363 1232 2414 viribus
1259 2362 1671 2430 proportionales
1691 2360 1976 2429 capiantur,
1999 2365 2050 2407 et
2069 2354 2425 2426 rectangulum

276 2450 342 2501 M
371 2450 425 2510 Q
454 2450 504 2502 O
538 2450 584 2502 P
609 2454 948 2521 compleatur,
978 2453 1235 2522 exprimet
1260 2453 1547 2523 diagonalis
1589 2452 1654 2504 M
1685 2452 1736 2503 O
1774 2448 1880 2501 tam
1904 2445 2242 2498 directionem
2267 2443 2423 2514 quam

275 2541 615 2611 quantitatem
642 2543 719 2594 vis
746 2562 813 2596 ex
838 2545 1003 2597 tribus
1028 2544 1448 2613 praecedentibus
1474 2554 1634 2595 ortae:
1675 2542 1773 2595 erit
1799 2549 1970 2592 autem
1997 2536 2173 2606 anguli
2201 2535 2252 2587 O
2280 2535 2346 2586 M
2375 2535 2420 2586 P

269 2677 487 2739 tangens
519 2695 576 2714 Ξ
618 2651 806 2790 ἃ-ΤΧ
830 2631 1506 2786 —Qa—T——XLT—J—y—ffi—l„
1491 2711 1505 2733 ,
1547 2690 1651 2741 quo
1678 2669 1902 2741 cognitO,
1932 2666 1974 2718 si
1998 2665 2091 2716 fiat
2113 2673 2171 2715 ut
2199 2662 2264 2715 M
2283 2663 2328 2715 P
2352 2662 2420 2713 ad

272 2844 338 2896 M
366 2844 417 2899 O
446 2846 518 2898 ita
784 2811 822 2863 S
840 2829 877 2881 y
1135 2845 1201 2896 ad
1228 2856 1478 2914 quartam,
1518 2846 1634 2900 haec
1658 2847 1771 2917 ipsa
1795 2852 1979 2916 quarta
2014 2837 2415 2911 proportionalis

546 2898 562 2962 (
591 2914 622 2945 a
646 2925 717 2934 -·
740 2894 799 2959 Χ)
827 2893 847 2922 ²
873 2894 925 2946 4
950 2912 985 2962 y
1009 2893 1049 2959 2)
1076 2892 1109 2956 ἓ

270 2983 368 3034 erit
393 2984 469 3035 vis
495 2898 805 3052 pai'ticulam
833 2981 898 3035 M
923 2982 978 3033 in
1004 2982 1287 3035 directione
1315 2983 1381 3036 M
1407 2984 1459 3037 O
1486 2985 1783 3046 sollicitans,
1812 2998 1929 3052 quae
1954 2978 2117 3029 oritur
2141 2994 2172 3026 a
2196 2974 2247 3025 Vi
2283 2973 2350 3024 ad
2379 2974 2417 3026 S

269 3074 531 3126 tendente.
576 3105 579 3108 >

341 3168 379 3229 §.
408 3170 493 3215 26.
536 3163 614 3216 Ut
649 3172 821 3214 autem
857 3163 971 3215 istae
995 3163 1129 3215 vires
1155 3163 1353 3216 facilius
1380 3184 1499 3217 cum
1532 3165 1784 3237 gravitate
1808 3157 2046 3220 naturali,
2076 3157 2220 3225 cujus
2247 3153 2414 3229 direcf

267 3252 341 3303 tio
369 3263 447 3304 est
473 3253 539 3304 M
569 3253 630 3316 C,
661 3253 906 3324 conjungi
938 3264 1144 3324 queant,
1171 3255 1495 3308 resolvantur
1520 3276 1596 3308 eae
1633 3256 1688 3306 in
1712 3253 1877 3314 binas,
1918 3267 2137 3319 quarum
2165 3246 2325 3298 altera
2360 3245 2415 3296 in

267 3344 434 3412 ipsam
472 3345 809 3397 directionem
849 3346 915 3398 M
944 3346 989 3400 C
1028 3346 1193 3410 cadat,
1234 3347 1442 3400 alterius
1466 3347 1591 3400 vero
1614 3339 1842 3398 'directio
1880 3342 1946 3393 sit
1984 3339 2049 3391 M
2079 3340 2130 3391 R
2165 3336 2413 3389 normalis

268 3435 335 3487 ad
375 3435 440 3486 M
470 3437 533 3489 C.
607 3437 697 3488 Ad
733 3437 835 3489 hoc
860 3438 1283 3490 commodissime*
1300 3441 1671 3508 praestandum,
1711 3436 1998 3489 resolvatur
2023 3431 2099 3484 vis
2139 3430 2205 3483 M
2233 3431 2269 3482 S
2305 3427 2414 3497 pri-

267 3527 413 3582 mum
438 3530 492 3579 in
518 3530 663 3594 duas,
705 3550 927 3601 quarum
952 3531 1114 3583 altera
1139 3540 1198 3582 ut
1222 3532 1340 3584 ante
1365 3532 1702 3585 directionem
1733 3529 1924 3581 habeat
1955 3524 2055 3593 ipsi
2094 3522 2140 3574 C
2168 3522 2205 3574 S
2241 3516 2412 3588 paral-

266 3622 438 3684 lelam,
468 3620 678 3673 alterifis
702 3622 828 3675 vero
853 3623 1069 3676 directio
1093 3624 1148 3674 in
1174 3624 1339 3692 ipsam
1367 3624 1433 3678 M
1461 3625 1506 3677 C
1531 3623 1740 3676 incidat.
1820 3617 1961 3672 Cum
1985 3616 2145 3687 igitur
2172 3614 2237 3665 sit
2272 3610 2337 3665 M
2365 3609 2411 3661 C
2472 3676 2473 3679 Ἴ

1548 3715 1585 3765 S
1610 3733 1640 3764 a

1313 3784 1873 3868 (WW

269 3777 327 3798 τε
373 3752 424 3803 V
459 3754 518 3821 (X
540 3748 561 3779 ²
582 3748 636 3802 ''l-
662 3768 697 3819 y
720 3748 762 3816 2)
801 3752 897 3803 erit
931 3753 1077 3821 prior
1113 3752 1189 3804 vis
1220 3777 1277 3797 =
1874 3783 1888 3809 ‚
1917 3742 2173 3814 posterior
2200 3735 2325 3792 verb
2348 3760 2405 3781 =
