2528 4172
287 290 353 335 26
776 282 1343 335 PHILOSOPHIAE
1383 282 1836 336 NATURALIS
1892 283 2012 348 [DE
2035 284 2218 337 MuNn
2263 287 2415 338 SYST.

287 423 439 477 Luna
475 431 622 475 motu
659 424 800 474 omni
834 424 1036 491 privata
1072 425 1287 488 demitti,
1316 436 1374 476 ut
1399 426 1452 476 in
1480 426 1700 477 Terram
1720 426 1871 478 simul
1897 426 2084 477 cadant
2101 446 2115 488 ;
2156 438 2206 478 et
2242 430 2297 496 (t)
2324 448 2419 497 per

274 516 385 583 jam
410 522 527 564 ante
553 522 756 564 ostensa
781 522 978 563 certum
1006 524 1082 564 est
1108 514 1248 583 quod
1274 514 1594 582 temporibus
1622 514 1905 583 aequalibus
1926 515 2221 566 describent
2245 535 2418 585 aequa-

280 604 351 655 lia
376 588 684 672 spatia'cum
711 601 862 653 Luna
877 622 891 664 3
919 603 1139 673 ideoque
1159 604 1302 673 quod
1328 615 1446 655 sunt
1467 604 1533 654 ad
1559 604 1900 673 quantitatem
1927 606 2158 655 materiae
2177 605 2230 655 in
2247 606 2416 669 Luna,

281 706 339 746 ut
373 695 606 763 pondera
643 713 735 744 sua
772 694 838 745 ad
874 694 1036 762 ipsius
1070 695 1291 762 pondus.
1370 695 1537 745 Porro
1576 695 1822 764 quoniam
1848 695 2088 746 satellites
2115 696 2261 747 Jovis
2287 704 2415 747 tem-

279 786 492 854 polibus
518 784 851 835 revolvuntur
871 803 987 853 quae
1014 794 1133 835 sunt
1157 785 1211 834 in
1238 784 1435 835 ratione
1463 783 1824 854 sesquiplicata
1851 784 2212 835 distantiarum
2237 806 2268 836 a
2298 806 2418 837 cen-

280 887 362 928 tro
387 876 421 928 J
423 895 547 939 oms,
591 877 654 944 (¹¹)
684 895 739 927 ei
744 886 835 927 unt
860 894 1041 927 eorum
1071 876 1349 946 gravitates
1376 875 1797 927 acceleratrices
1783 893 1838 925 in
1863 875 1896 927 J
1899 893 2048 926 ovem
2072 875 2335 944 reciproce
2361 887 2420 928 ut

281 964 529 1035 quadrata
567 964 923 1015 distantiarum
961 984 992 1015 a
1026 973 1201 1015 centro
1239 964 1413 1025 Jovis3
1452 974 1503 1015 et
1535 973 1812 1032 propterea
1835 964 1890 1014 in
1915 964 2201 1033 aequalibus
2229 986 2258 1016 a
2284 966 2417 1017 Jove

2187 1054 2418 1105 Proinde

279 1143 596 1211 temporibus
635 1142 917 1211 aequalibus
956 1143 1021 1193 ab
1045 1142 1328 1211 aequalibus
1366 1142 1725 1193 altitudinibus
1763 1143 2013 1206 cadendo,
2063 1143 2418 1196 describerent

278 1234 496 1304 aequalia
535 1232 731 1301 spatia3
769 1232 985 1299 perinde
1022 1242 1080 1283 ut
1117 1232 1177 1282 fit
1215 1232 1270 1282 in
1303 1232 1548 1302 gravibus
1573 1232 1628 1282 in
1652 1230 1750 1282 hac
1778 1231 1945 1283 Terra
1970 1233 2163 1284 nostra.
2242 1235 2306 1301 (X)
2349 1234 2418 1284 Et

279 1323 463 1376 eodem
500 1330 807 1391 argumento
843 1320 1068 1388 planetae
1105 1320 1512 1383 circumsolares,
1552 1321 1618 1371 ab
1645 1320 1929 1390 aequalibus
1955 1339 1986 1371 a
2015 1321 2135 1373 Sole
2162 1321 2417 1372 distantiis

280 1054 548 1115 distantiis,
593 1072 773 1104 eorum
814 1053 1088 1123 gravitates
1127 1051 1510 1104 acceleratrices
1545 1051 1822 1107 evaderent
1865 1052 2107 1122 aequales.

279 1413 506 1476 demissi,
547 1413 795 1464 descensu
833 1431 926 1463 suo
952 1413 1006 1461 in
1035 1412 1209 1463 Solem
1236 1411 1521 1481 aequalibus
1547 1411 1867 1479 temporibus
1894 1412 2113 1481 aequalia
2139 1412 2303 1479 spatia
2328 1412 2417 1463 de-

279 1507 577 1558 scriberent.
655 1506 718 1573 (5)
760 1505 912 1555 Vires
938 1513 1124 1565 autem,
1169 1505 1355 1573 quibus
1384 1521 1603 1570 corpora
1628 1502 1905 1572 inaequalia
1931 1502 2198 1571 aequaliter
2224 1503 2417 1554 accele-

277 1607 474 1660 rantur,
521 1606 641 1648 sunt
679 1606 737 1647 ut
781 1614 1029 1664 corpora3
1067 1595 1168 1646 hoc
1212 1605 1304 1658 est,
1346 1595 1581 1663 pondera
1623 1604 1683 1645 ut
1726 1595 2035 1664 quantitates
2086 1596 2315 1665 materiae
2363 1597 2418 1647 in

276 1685 513 1755 planetis.
591 1685 760 1736 Porro
785 1684 930 1735 Jovis
958 1694 1009 1735 et
1034 1685 1141 1752 ejus
1170 1683 1444 1734 satellitum
1482 1682 1717 1750 pondera
1740 1683 1796 1732 in
1824 1682 2015 1745 Solem,
2054 1683 2416 1751 proportiona-

275 1776 346 1828 lia
387 1793 497 1826 esse
543 1773 911 1843 quantitatibus
954 1773 1184 1823 materiae
1230 1791 1426 1834 eorum,
1473 1782 1615 1839 patet
1654 1791 1721 1823 ex
1762 1781 1908 1823 motu
1949 1772 2226 1823 satellitum
2264 1791 2418 1841 quam

277 1864 503 1918 maxime
541 1865 800 1936 regulari3
839 1884 933 1933 per
975 1864 1149 1915 Corol.
1181 1872 1227 1915 3.
1272 1864 1429 1931 Prop.
1465 1863 1642 1914 LXV.
1685 1862 1802 1913 Lib.
1844 1862 1888 1913 I.‘
1964 1862 2103 1912 Nam
2147 1862 2190 1913 si
2228 1861 2418 1913 horum

277 1954 438 2025 aliqui
475 1954 640 2025 magis
679 1953 1006 2005 traherentur
1032 1954 1087 2002 in
1130 1953 1320 2014 Solem,
1360 1970 1457 2020 pro
1494 1951 1783 2021 quantitate
1827 1951 2059 2002 materiae
2102 1970 2224 2012 suae,
2262 1950 2418 2020 quam

278 2043 482 2095 caeteri:
521 2052 691 2093 motus
719 2031 993 2093 satellitum
1021 2045 1135 2110 (per
1164 2040 1342 2092 Corol.
1370 2047 1420 2090 2.
1451 2040 1611 2107 Prop.
1642 2039 1820 2090 LXV.
1851 2039 1970 2090 Lib.
1999 2038 2066 2103 I.)
2094 2056 2162 2090 ex
2186 2039 2417 2109 inaequa-

275 2132 418 2184 litate
455 2131 773 2183 attractionis
817 2131 1262 2199 perturbarentur.
1340 2129 1412 2191 Si,
1454 2128 1665 2197 paribus
1703 2148 1734 2179 a
1773 2128 1893 2180 Sole
1919 2128 2187 2191 distantiis,
2217 2129 2417 2182 satelles

278 2221 461 2292 aliquis
487 2221 694 2291 gravior
720 2230 854 2271 esset
879 2220 934 2269 111
964 2219 1142 2272 Solem
1167 2237 1265 2287 pro
1291 2218 1577 2287 quantitate
1611 2216 1841 2268 materiae
1868 2235 1990 2277 suae,
2032 2215 2188 2285 quam
2213 2217 2419 2286 Jupiter
2482 2207 2490 2216 x

276 2332 374 2382 pro
400 2312 684 2382 quantitate
708 2311 940 2362 materiae
967 2330 1090 2372 suae,
1119 2310 1400 2368 invratione
1427 2307 1734 2377 quacunque
1761 2304 1896 2367 (13ῐέ1,
1924 2315 2051 2373 puta
2075 2306 2111 2355 d
2137 2306 2204 2357 ad
2231 2325 2286 2357 e:
2315 2308 2418 2358 dis-

276 2402 441 2453 tantia
474 2401 612 2452 inter
646 2409 881 2450 centrum
911 2399 1044 2451 Solis
1073 2408 1124 2449 et
1160 2406 1397 2449 centrum
1422 2396 1562 2446 orbis
1591 2394 1838 2455 satellitis,
1867 2394 2032 2462 major
2058 2412 2260 2462 semper
2285 2394 2418 2448 foret

279 2509 435 2561 quam
473 2488 714 2540 distantia
749 2488 884 2538 inter
910 2496 1145 2537 centrum
1176 2486 1309 2538 Solis
1337 2494 1388 2536 et
1414 2493 1648 2535 centrum
1674 2481 1818 2534 Jovis
1842 2482 1897 2532 in
1923 2476 2122 2533 ratione
2148 2483 2416 2551 subdupli-

280 2577 393 2632 cata
433 2595 590 2647 quam
627 2575 895 2645 proxime;
938 2576 1001 2643 (Ζ)
1041 2575 1116 2625 uti
1155 2573 1352 2625 calculo
1379 2572 1605 2642 quodam
1629 2571 1756 2621 inito
1786 2570 1976 2621 inveni
2050 2571 2120 2621 Et
2146 2571 2188 2620 si
2214 2572 2413 2646 satelles

278 2670 450 2723 minus
489 2667 660 2739 gravis
699 2675 833 2718 esset
870 2666 924 2717 in
964 2663 1184 2718 Solem
1171 2683 1226 2714 m
1260 2662 1457 2714 ratione
1481 2659 1567 2711 illa
1595 2659 1630 2711 d
1655 2659 1722 2711 ad
1747 2678 1791 2725 e,
1820 2659 2060 2711 distantia
2085 2660 2248 2711 centri
2273 2661 2412 2713 orbis

333 2903 387 2957 (t)
410 2908 431 2930 ²*
455 2907 533 2944 Per
552 2905 643 2955 jam
668 2901 756 2944 ant&
784 2910 927 2944 ostensa
961 2902 1098 2955 (Prop.
1124 2900 1200 2941 IV.
1226 2902 1314 2940 Lib.

283 2958 432 3029 hujps).
897 3012 905 3019 ι
1237 3011 1245 3018 .

334 3013 348 3062 (
374 3011 390 3060 )
422 3014 443 3036 ¹*
474 3013 608 3051 Erunt
639 3025 771 3050 eorum
799 3018 999 3060 gravzcates
1029 3013 1313 3049 acceleratrzces.

281 3064 379 3114 (Per
400 3065 487 3103 Cor.
513 3070 549 3103 2.
576 3066 691 3114 Prop.
708 3065 795 3114 V.).

334 3116 393 3167 (¹)
423 3122 443 3141 *
475 3120 528 3156 Ec
559 3121 685 3157 eodem
713 3125 950 3167 argumento.
1009 3116 1223 3154 Gravitates
1254 3127 1317 3152 ac-

278 3168 514 3208 celeratrices
536 3172 777 3220 planetarum
795 3171 836 3208 in
860 3170 988 3208 Solem
1007 3177 1098 3207 sunt
1124 3167 1316 3217 reciproce

279 3229 325 3258 ut
341 3223 525 3272 quadrata
542 3225 810 3262 distantiarum
828 3237 851 3261 a
869 3232 999 3262 centro
1021 3222 1119 3260 Solis
1140 3223 1249 3274 (Cor.
1275 3227 1311 3258 2.

283 3275 401 3323 Prop.
428 3276 500 3325 V.)
521 3285 559 3314 et
577 3276 777 3326 propterea
802 3278 841 3314 in
861 3276 1071 3326 aequalibus
1089 3289 1112 3313 a
1134 3275 1222 3313 Sole
1240 3275 1315 3312 dis-

279 3328 411 3365 tantiis
435 3341 569 3367 eorum
598 3333 801 3379 gravitates
820 3330 1097 3369 acceleratrices
1116 3328 1318 3366 evaderent

280 3380 457 3430 aequaleS‚
473 3382 709 3433 proindeque
721 3384 957 3433 temporibus
975 3382 1186 3433 aequalibus
1204 3383 1250 3418 ab
1266 3393 1317 3417 ae-

280 3433 459 3483 qualibus
469 3435 737 3473 altitudinibus
748 3437 922 3475 cadendo
934 3435 1187 3474 describerent
1199 3433 1319 3481 spatia

282 3487 454 3535 aequalia.
491 3489 649 3532 Quanto
664 3496 794 3527 autem
808 3498 979 3539 tempore
993 3488 1146 3537 planeta
1158 3487 1320 3537 quilibet

281 3538 562 3578 circumsolaris
588 3541 696 3578 omni
732 3551 843 3580 motu
872 3540 1120 3580 revolutionis
1151 3540 1320 3589 privatus

281 3591 364 3629 sola
384 3592 419 3628 vi
438 3592 648 3642 centripeta
667 3593 913 3633 descenderet
930 3604 968 3633 et
986 3595 1035 3633 ad
1052 3594 1181 3632 Solem
1200 3605 1323 3643 usque

282 3645 496 3693 perveniret
514 3660 562 3684 ex
582 3645 672 3684 data
684 3647 766 3697 ejus
785 3661 807 3685 a
822 3648 910 3685 Sole
925 3647 1103 3686 distantia
1120 3646 1323 3684 innotescit

282 3710 351 3746 per
378 3707 457 3736 not.
482 3705 572 3738 401.
602 3699 690 3737 Lib.
717 3700 751 3737 Ι.
776 3700 936 3738 dimidio
968 3700 1112 3738 scilicet
1142 3698 1323 3748 temporis

282 3751 466 3799 periodici
484 3765 561 3802 quo
579 3753 733 3802 planeta
751 3753 798 3790 ad
819 3753 1037 3791 distantiam
1057 3751 1179 3802 duplo
1197 3752 1323 3790 mino-

283 3815 365 3842 rem
395 3806 538 3844 revolvi
566 3813 706 3854 posset,
738 3805 816 3844 sive
848 3814 1021 3856 tempore
1048 3805 1153 3857 quod
1183 3812 1241 3844 est
1275 3804 1325 3844 ad

1374 2906 1527 2947 tempus
1556 2896 1792 2947 periodicum
1825 2896 1990 2946 planetae
2019 2901 2065 2933 ut
2100 2898 2117 2932 1
2152 2893 2203 2931 ad
2232 2897 2259 2931 4
2284 2894 2338 2944 μ
2371 2898 2408 2939 2,

1372 2952 1476 2990 idem
1496 2952 1651 3000 planeta
1670 2949 1842 2989 cadendo
1865 2949 1995 2988 Solem
2014 2947 2228 2997 attingeret.

1427 3004 1485 3055 (y)
1510 3007 1530 3028 ²*
1561 3007 1663 3042 Vires
1694 3011 1823 3042 autem
1851 3005 1984 3053 quibus
2011 3014 2165 3050 corpora
2192 3002 2407 3050 inaequalia.

1373 3058 1486 3111 (Des.
1514 3057 1641 3094 VIII.
1665 3063 1703 3093 et
1720 3063 1799 3093 not.
1828 3059 1886 3094 15.
1913 3054 2001 3092 Lib.
2028 3053 2081 3100 Ι.)

1426 3110 1486 3161 (²)
1519 3112 1539 3134 ³¹²
1569 3112 1633 3148 Uti
1651 3110 1790 3147 calculo
1811 3111 1974 3159 quodam
1990 3108 2080 3145 inito
2099 3106 2240 3144 inveni.
2299 3108 2321 3130 ¹*
2352 3105 2409 3144 Sit

1375 3164 1402 3201 S
1432 3163 1512 3208 Sol,
1545 3162 1565 3199 I
1585 3162 1754 3210 Jupiter,
1785 3162 1820 3198 L
1853 3159 2004 3199 satelles
2034 3159 2185 3209 gravior
2206 3159 2247 3195 in
2279 3159 2409 3196 Solem

1370 3214 1489 3267 quam
1516 3214 1671 3264 Jupiter
1696 3214 1850 3263 paribus
1874 3214 1916 3251 in
1944 3211 2132 3250 distantiis
2150 3212 2190 3248 in
2210 3212 2358 3249 ratione
2382 3210 2408 3249 d

1370 3299 1469 3345 ade,
1490 3269 2076 3395 fiatSIadSisicutjda
2076 3269 2173 3380 db«1
2201 3344 2223 3367 e

1371 3384 1474 3423 niam
1487 3384 1651 3435 gravitas
1663 3389 1719 3421 est
1729 3381 1877 3421 inverse
1888 3390 1931 3421 ut
1940 3381 2406 3444 quadratadistantiarum,

1370 3437 1535 3487 gravitas
1553 3437 1594 3473 in
1612 3436 1740 3474 Solem
1759 3436 1808 3473 ad
1822 3436 2040 3474 distantiam
2058 3436 2085 3473 S
2103 3436 2123 3473 I
2136 3437 2207 3474 erit
2221 3435 2270 3473 ad
2283 3434 2408 3485 gravi-

1372 3498 1490 3528 tatem
1504 3490 1545 3526 in
1564 3489 1692 3527 Solem
1704 3489 1752 3526 ad
1767 3488 1985 3526 distantiam
2003 3489 2055 3527 Si
2072 3496 2117 3527 ut
2131 3488 2157 3527 d
2168 3489 2216 3527 ad
2235 3501 2282 3533 e;
2303 3487 2408 3524 unde

1374 3542 1405 3580 si
1433 3542 1597 3593 gravitas
1623 3542 1731 3580 Jovis
1757 3542 1798 3578 in
1829 3541 1848 3579 l
1875 3540 1987 3590 positi
2005 3541 2054 3579 sit
2072 3549 2117 3579 ut
2135 3554 2168 3586 e,
2189 3548 2228 3578 et
2245 3516 2409 3590 giavitas

1377 3595 1548 3633 satellitis
1565 3594 1749 3645 gravioris
1765 3594 1806 3631 in
1817 3594 1978 3634 Letiam
1996 3594 2109 3643 positi
2127 3595 2176 3632 sit
2193 3601 2237 3631 ut
2255 3592 2290 3635 d,
2307 3591 2407 3641 ejus-

1377 3647 1467 3685 dem
1486 3647 1657 3685 satellitis
1674 3647 1840 3698 gravitas
1858 3647 1900 3684 in
1918 3648 1931 3684 i
1951 3648 2063 3696 positi
2082 3647 2153 3685 erit
2170 3653 2214 3684 ut
2232 3658 2266 3689 e,
2290 3657 2408 3694 quare

1376 3701 1448 3739 erit
1466 3699 1622 3750 aequalis
1639 3700 1818 3750 gravitati
1835 3700 1860 3739 J
1864 3712 1945 3737 ovis
1962 3700 2004 3737 in
2030 3700 2052 3737 Ι
2079 3698 2215 3748 positi:
2239 3697 2410 3748 fingatur

1377 3753 1527 3791 satelles
1545 3753 1558 3790 1
1577 3752 1643 3803 qui
1662 3753 1761 3792 Jove
1779 3765 1851 3791 nec
1867 3752 2020 3804 gravior
2037 3764 2108 3790 nec
2126 3750 2244 3788 levior
2262 3750 2322 3795 sit,
2342 3749 2410 3800 qui

1377 3805 1477 3845 circa
1494 3806 1634 3846 Jovem
1654 3805 1677 3844 I
1696 3805 1884 3845 circulum
1901 3804 2086 3844 describat
2115 3804 2153 3842 A
2177 3804 2209 3842 C
2233 3803 2267 3841 P
2290 3778 2345 3850 1'),
2373 3808 2412 3840 et

2247 3304 2286 3335 et
2310 3308 2406 3347 quo-
