2528 4172
250 279 318 325 ει.
747 269 1315 324 PHILOSOPHIAE
1354 268 1808 325 NATURALIS
1864 268 1983 334 [DE
2004 269 2209 321 Meum).
2233 270 2386 322 εγω.

253 416 566 469 differentias
595 433 705 468 esse
735 418 815 481 1³}-
842 425 895 467 et
920 417 1003 487 ἒξ.
1079 415 1219 467 Nam
1242 416 1327 467 hae
1353 415 1657 468 differentiae
1682 413 1984 466 differentiis
2009 422 2303 482 temporum
2329 414 2393 463 2'.

258 513 370 564 13''.
405 521 457 562 et
494 513 557 562 4'.
602 512 713 561 12‘'.
753 508 1087 578 respondent.

251 604 523 657 fidendum
548 612 641 654 est.

322 697 492 749 Annis
534 695 789 765 proximis
832 697 995 763 (1699
1036 703 1088 747 et
1133 696 1291 761 1700)
1327 695 1399 748 D.
1437 695 1529 747 des
1562 695 1745 766 Hayes
1784 694 1852 746 ad
1889 692 2188 746 Americam
2224 688 2396 743 denuo

247 788 497 857 navigans
540 785 902 856 determinavit
938 784 1081 855 quod
1118 785 1172 837 in
1208 786 1389 838 insulis
1442 787 1704 857 Cayennae
1740 796 1791 838 et
1825 784 2089 838 Granadae
2125 782 2399 854 longitudo

249 875 466 944 penduli
503 874 570 926 ad
605 875 807 927 minuta
844 876 1073 928 secunda
1109 877 1403 939 oscillanti8‚
1444 886 1579 929 esset
1612 878 1771 947 paulo
1806 877 1978 929 minor
2011 872 2168 945 quem
2198 873 2318 942 ped.
2349 882 2397 926 3.

248 968 337 1019 lin.
368 970 453 1033 δὲ.
480 966 725 1037 quodque
751 968 807 1018 in
831 967 1002 1020 insula
1029 968 1082 1020 S.
1114 967 1482 1037 Christophori
1505 968 1778 1040 longitudo
1804 969 1893 1020 illa
1918 975 2052 1019 esset
2084 965 2203 1035 ped.
2232 974 2280 1018 3.
2307 964 2399 1016 lin.

251 1060 333 1126 61³5,
362 1067 414 1107 et
440 1055 582 1125 quod
608 1057 662 1106 in
687 1056 854 1108 insula
882 1058 934 1108 S.
962 1057 1229 1109 Dominici
1256 1058 1437 1109 eadem
1462 1068 1597 1111 esset
1621 1059 1741 1127 ped.
1771 1067 1820 1112 3.
1846 1058 1936 1110 lin.
1966 1062 2015 1112 7.

321 1148 585 1217 Annoque
610 1153 764 1210 1704.
785 1147 846 1199 P.
871 1146 1131 1199 Feuilleus
1151 1147 1347 1199 invenit
1365 1149 1419 1199 in
1438 1147 1765 1201 Porto-bello
1780 1148 1835 1199 in
1852 1147 2095 1200 Americfi
2115 1145 2398 1217 longitudi-

249 1256 371 1290 nem
389 1236 605 1307 penduli
624 1236 689 1288 ad
710 1237 909 1288 minuta
934 1236 1163 1288 secunda
1182 1237 1480 1300 osculantis,
1504 1256 1616 1289 esse
1634 1237 1829 1306 pedum
1852 1237 2011 1288 trium
2030 1237 2400 1289 Parisiensium

249 1340 300 1382 et
324 1330 578 1380 linearum
605 1337 809 1380 tanturn
836 1324 952 1395 55⁷3,
989 1326 1044 1378 id
1069 1336 1163 1390 est,
1191 1327 1356 1379 tribus
1382 1325 1488 1379 fere
1515 1327 1661 1379 lineis
1678 1327 1965 1380 breviorem
1993 1327 2148 1397 quam
2178 1326 2401 1377 Lutetiae

256 1422 592 1485 Parisiorum,
633 1421 697 1491 (¹¹)
731 1421 823 1473 sed
849 1430 1052 1472 errante
1078 1419 1450 1501 observatione.
1528 1418 1668 1471 Nam
1694 1419 1882 1471 deinde
1906 1418 1973 1470 ad
1997 1417 2222 1469 insulam
2250 1417 2401 1469 Mar-

1167 509 1520 561 crassioribus
1557 507 1711 579 hujus
1748 506 2192 559 observationibus
2226 507 2396 558 minus

250 1517 464 1569 tinicam
488 1515 755 1586 naviganS,
783 1514 980 1566 invenit
1004 1513 1385 1585 longitudinem
1409 1513 1625 1583 penduli
1649 1512 1912 1566 isochroni
1938 1530 2050 1564 esse
2073 1510 2269 1580 pedum
2288 1518 2401 1560 tan-

248 1605 362 1658 tum
385 1607 545 1659 trium
572 1605 943 1658 Parisiensium
970 1615 1021 1658 et
1045 1605 1298 1657 linearum
1325 1602 1440 1671 5†8.

324 1697 577 1750 Latitudo
603 1707 777 1750 autem
806 1697 1044 1749 Paraibae
1082 1705 1160 1748 est
1179 1701 1278 1761 ,6⁸2
1309 1697 1408 1748 38².
1436 1695 1505 1748 ad
1535 1706 1785 1759 austrum,
1814 1705 1866 1748 et
1889 1702 1951 1748 ea
1978 1691 2290 1747 Porto-belli
2317 1698 2398 1743 98‘.

253 1793 354 1844 33'.
382 1791 449 1843 ad
483 1791 714 1854 boream,
743 1799 796 1842 et
832 1789 1130 1843 latitudines
1157 1789 1441 1840 insularum
1470 1790 1748 1860 Cayennae,
1780 1789 1989 1849 Goreae,
2021 1783 2399 1850 Guadaloupae,

254 1882 571 1947 Martinicae,
615 1882 899 1946 Granadae,
944 1882 1120 1935 Sancti
1162 1881 1544 1945 Christophori,
1586 1892 1638 1934 et
1678 1883 1854 1935 Sancti
1879 1879 2148 1934 Dominici
2174 1887 2294 1930 sunt
2317 1895 2400 1928 re-

252 1973 476 2044 spective
503 1979 585 2026 42‘.
622 1974 723 2037 55',
750 1978 870 2026 14⁸¹.
899 1972 1002 2034 40',
1028 1969 1536 2032 152‘.00',148‘.44'‚
1568 1975 1688 2020 128¹.
1716 1975 1747 2019 6
1766 2004 1780 2029 ,
1814 1971 1933 2021 17⁸¹:
1961 1967 2058 2026 19'‚
2078 1976 2129 2015 et
2151 1970 2270 2017 198¹.
2292 1965 2395 2025 482

251 2067 319 2119 ad
354 2067 583 2127 boream.
667 2065 739 2118 Et
774 2082 1016 2117 excessus
1053 2061 1390 2133 longitudinis
1416 2060 1631 2130 penduli
1661 2058 1966 2112 Parisiensis
1995 2074 2152 2125 supra
2177 2052 2405 2125 longitu-

253 2162 402 2213 dines
427 2159 778 2229 pendulorum
802 2156 1199 2210 isochronorum
1225 2155 1280 2206 in
1304 2153 1389 2205 his
1411 2142 1770 2205 latitudinibus
1793 2152 2087 2203 observatas
2108 2156 2228 2199 sunt
2244 2143 2403 2216 paulo

254 2254 472 2322 majores
510 2248 666 2321 quzim
702 2268 800 2319 pro
828 2246 1003 2301 tabula
1028 2245 1418 2317 longitudinum
1442 2243 1658 2313 penduli
1683 2241 1918 2311 superius
1944 2236 2254 2308 computata.
2330 2235 2402 2288 Et

254 2354 532 2414 propterea
560 2341 613 2412 (¹)
644 2342 814 2393 Terra
851 2340 1118 2409 aliquanto
1144 2334 1296 2388 altior
1321 2344 1399 2387 est
1423 2334 1521 2386 sub
1545 2343 1808 2404 aequatore
1834 2329 1989 2402 quam
2012 2349 2111 2400 pro
2137 2329 2401 2398 superiore

259 2568 313 2607 D.
341 2565 509 2616 Couplet
536 2563 792 2604 differentiam
819 2575 901 2601 esse
923 2549 990 2613 Ιὲ.
1053 2559 1178 2598 Simili
1195 2571 1300 2597 com-

255 2629 352 2675 puto
378 2628 496 2670 patet,
523 2618 782 2658 differentiam
808 2616 1069 2666 pendulorum
1091 2613 1248 2652 Parisiis
1265 2620 1304 2651 et

258 2689 433 2728 Paraiboe
451 2700 532 2726 esse
552 2674 621 2741 23⁵5.

313 2759 371 2812 (¹¹)
413 2760 433 2784 '¹‘
476 2760 547 2797 Sed
582 2764 734 2795 errante
778 2755 1043 2794 observatione.
1119 2749 1305 2790 Latitudo

262 2810 493 2850 Porto-belli
519 2817 576 2848 est
604 2809 665 2850 90.
695 2808 769 2848 33'.
801 2808 850 2846 ad
876 2809 1046 2852 boream,
1076 2812 1114 2843 et
1141 2804 1304 2842 latitudo

260 2865 482 2904 Martinicae
500 2871 557 2902 est
579 2862 662 2901 140.
676 2863 751 2900 44'.
813 2861 923 2899 Hinc
941 2858 1157 2897 differentia
1175 2857 1305 2896 latitu-

259 2918 397 2957 dinum
416 2926 474 2956 est
493 2916 563 2957 50‘.
588 2916 658 2955 11'.
709 2916 785 2954 Est
802 2922 932 2952 autem
951 2912 1115 2950 latitudo
1136 2911 1304 2949 Lutetiae

261 2971 347 3011 480.
370 2972 443 3011 50'.
466 2969 586 3021 quare
612 2968 828 3008 differentia
854 2966 1106 3005 latitudinum
1135 2964 1305 3003 Lutetiae

258 3033 297 3063 et
315 3024 544 3063 Porto-belli
559 3031 615 3062 est
633 3021 722 3061 590.
742 3023 812 3061 17'.
848 3020 922 3058 Sed
936 3027 1186 3068 praeterquam
1201 3017 1305 3067 quod

260 3079 542 3117 observationes
581 3076 614 3115 F
616 3075 759 3115 euillaei
794 3088 818 3113 a
856 3069 1010 3112 Tabula
1048 3069 1305 3110 Newtonianii

261 3131 429 3170 maxime
468 3131 697 3179 discrepant,
731 3140 863 3166 secum
897 3127 1063 3163 invicem
1100 3137 1180 3162 non
1215 3125 1305 3161 satis

261 3185 476 3222 consentire
495 3184 686 3222 videntur.
740 3180 844 3220 Cum
864 3181 967 3218 enim
986 3178 1201 3216 differentia
1219 3177 1306 3214 lati-

261 3238 444 3275 tudinum
475 3236 561 3276 390.
604 3236 674 3275 17'.
711 3248 757 3272 ex
795 3234 931 3272 iisdem
967 3229 1303 3275 observationibus,

262 3291 467 3339 praebuerit
486 3289 768 3340 longitudinem
787 3286 948 3337 penduli
961 3285 1148 3322 minorem
1169 3284 1306 3322 Porto-

263 3342 354 3381 belli
373 3342 492 3393 quam
514 3343 681 3388 Parisiis,
702 3343 824 3380 tribus
842 3340 921 3379 fere
945 3340 1070 3382 lineis,
1092 3336 1304 3374 differentia

264 3396 514 3434 latitudinum
532 3396 751 3433 Martinicae
763 3405 801 3433 et
818 3391 1046 3432 Porto-belli
1065 3403 1152 3441 quae
1170 3400 1226 3428 est
1240 3389 1301 3429 50.

265 3449 338 3487 Μ’.
363 3450 546 3501 majorem
575 3450 615 3486 in
643 3450 745 3487 hisce
770 3446 1037 3486 latitudinibus
1054 3446 1222 3495 praebere
1240 3443 1307 3481 de-

265 3520 411 3560 buisset
429 3519 589 3568 penduli
608 3519 863 3557 differentiam
884 3518 1001 3569 quam
1027 3504 1093 3568 ῖδρ
1121 3515 1188 3552 lin.
1211 3527 1307 3565 qua-

266 3574 343 3612 lem
372 3573 518 3611 invenit
548 3573 770 3611 Feuillaeus.
829 3573 953 3610 Hunc
972 3569 1202 3619 coeteroquin
1220 3568 1309 3605 dili-

265 3626 538 3680 gentissimum
569 3628 847 3663 observatorem
878 3638 957 3663 non
987 3625 1077 3662 satis
1103 3622 1174 3660 bac
1200 3621 1240 3658 in
1269 3634 1311 3660 re

268 3688 491 3720 accuratum
522 3678 641 3718 fuisse
672 3679 901 3717 confirmant
931 3677 1211 3716 observationes
1242 3687 1306 3713 an.

273 3739 387 3773 1735.
447 3732 676 3771 Porto-belli
703 3732 843 3770 habitae
869 3745 893 3769 a
918 3731 1057 3769 clariss.
1087 3730 1177 3766 viris
1207 3729 1305 3767 DD.

274 3787 407 3826 Godin
436 3794 473 3824 et
504 3787 704 3836 Bouguer,
738 3796 903 3836 quorum
922 3785 1024 3833 prior
1046 3782 1208 3833 penduli
1224 3781 1312 3820 lon-

269 3853 486 3908 gitudinem
508 3851 738 3891 Porto-belli
763 3850 909 3889 invenit
928 3855 978 3890 :36
996 3849 1088 3900 pou.
1113 3855 1134 3889 7
1155 3836 1313 3902 unffi„

1354 2543 1539 2595 posterior
1551 2541 1643 2583 vero
1657 2541 1819 2582 eandem
1838 2540 2123 2593 longitudinem
2138 2552 2293 2579 summo
2305 2552 2398 2579 con·

1353 2630 1469 2656 sensu
1487 2614 1753 2655 determinavit
1778 2620 1830 2653 86
1856 2612 1948 2662 poll.
1973 2616 1996 2652 7
2016 2612 2085 2650 lin.
2108 2597 2188 2663 ἐς.

1409 2671 1457 2723 (¹)
1480 2674 1543 2709 97.
1575 2672 1693 2709 Terra
1712 2667 1906 2719 aliquanto
1925 2668 2036 2705 altior
2054 2673 2119 2704 est.
2170 2662 2337 2702 Materia
2349 2662 2399 2701 ad

1353 2733 1531 2763 centrum
1558 2721 1778 2762 redundans
1808 2719 1888 2772 qud
1918 2719 2085 2757 densitas
2111 2716 2165 2755 ibi
2190 2718 2314 2767 major
2339 2716 2397 2762 fit,

1354 2778 1512 2816 seorsim
1530 2791 1554 2816 a
1571 2773 1719 2828 reliquii
1735 2775 1893 2815 Tellure
1905 2772 2147 2811 uniformiter
2158 2769 2276 2807 densa
2291 2782 2398 2819 spec-

1355 2839 1468 2876 tetur,
1500 2831 1666 2881 gravitas
1697 2829 1740 2866 in
1774 2828 1934 2866 Terram
1967 2824 2208 2863 uniformiter
2239 2823 2397 2860 densam

1355 2885 1426 2923 erit
1453 2883 1644 2933 reciproce
1671 2891 1716 2921 ut
1742 2881 1922 2920 distantia
1947 2893 1970 2917 a
1996 2886 2127 2917 centro
2153 2878 2217 2928 (ex
2238 2876 2398 2913 demon-

1355 2939 1481 2977 stratis
1509 2938 1550 2975 in
1582 2938 1698 2986 Prop.
1736 2934 1903 2984 XIX.).
1985 2931 2161 2970 Gravitas
2189 2936 2318 2966 autem
2354 2929 2396 2965 in

1355 2992 1554 3030 materiam
1574 2990 1854 3029 redundantem
1873 2987 1945 3025 erit
1961 2982 2153 3034 reciproce
2171 2989 2215 3020 ut
2232 2980 2396 3032 quadra-

1356 3053 1441 3083 tum
1478 3044 1668 3083 distantiae
1704 3057 1728 3081 a
1761 3038 1923 3079 materia
1959 3037 2028 3077 illa
2062 3049 2178 3087 quam
2222 3033 2398 3084 proxime

1357 3100 1496 3150 (Prop.
1515 3096 1724 3136 LXXVI.
1749 3095 1837 3134 Lib.
1858 3094 1929 3144 1.).
1986 3089 2090 3129 cum
2110 3089 2228 3140 igitur
2246 3090 2287 3125 in
2306 3100 2399 3126 casu

1359 3154 1394 3191 T
1396 3165 1488 3190 errae
1515 3150 1757 3189 uniformiter
1783 3150 1923 3191 densae,
1953 3144 2059 3183 illius
2078 3141 2296 3191 superficies
2314 3153 2398 3179 ver-

1357 3205 1424 3245 sus
1450 3212 1683 3256 aequatorem
1710 3202 1891 3246 elevetur,
1919 3196 2052 3237 versus
2069 3196 2203 3245 polum
2221 3193 2311 3233 vero
2330 3194 2398 3232 de.

1356 3261 1554 3309 primatnr‚
1586 3256 1827 3307 gravitasque
1855 3253 1905 3291 ad
1932 3258 2163 3302 aequatorem
2191 3249 2318 3286 minor
2349 3246 2398 3285 sit

1356 3311 1475 3364 quam
1501 3311 1550 3350 ad
1578 3310 1712 3359 polum
1729 3308 1771 3346 in
1789 3307 1935 3346 ratione
1953 3304 2143 3344 distantiae
2162 3302 2240 3351 poli
2265 3315 2288 3339 a
2306 3311 2399 3338 cen-

1356 3375 1416 3406 tro
1434 3365 1483 3404 ad
1502 3363 1702 3415 aequatoris
1719 3360 2083 3405 semi-diametrum,
2104 3356 2153 3394 ad
2172 3354 2397 3405 praedictam

1356 3427 1488 3459 autem
1522 3416 1721 3455 materiam
1765 3413 2045 3453 redundantem
2086 3408 2187 3449 circa
2222 3415 2398 3447 centrum

1357 3472 1520 3525 gravitas
1536 3470 1585 3508 ad
1604 3476 1835 3519 aequatorem
1854 3468 1979 3504 minor
1997 3466 2041 3504 fit
2059 3462 2177 3517 quam
2195 3462 2244 3501 ad
2262 3462 2399 3512 polum

1358 3527 1401 3564 in
1432 3525 1579 3563 ratione
1605 3520 1801 3570 duplicata
1828 3520 2017 3558 distantia*
2039 3519 2118 3568 poli
2145 3531 2168 3556 a
2191 3523 2322 3555 centro
2348 3512 2398 3551 ad

1360 3578 1561 3631 aequatoris
1587 3575 1944 3619 semi-diametrum,
1972 3585 2059 3623 quae
2083 3571 2180 3610 ratio
2199 3567 2313 3618 priori
2336 3578 2398 3603 ra-

1360 3633 1465 3672 tione
1491 3628 1655 3679 simplici
1680 3629 1807 3665 minor
1834 3635 1901 3673 est,
1931 3633 2035 3675 patet
2059 3627 2100 3663 in
2119 3636 2209 3662 casu
2230 3619 2399 3659 Telluris

1361 3684 1493 3725 versus
1510 3690 1686 3722 centrum
1700 3681 1884 3719 densioris
1903 3693 1949 3717 ex
1967 3678 2131 3729 utraque
2149 3674 2265 3713 simul
2283 3671 2399 3711 causa

1362 3739 1444 3777 fieri
1461 3745 1508 3777 ut
1523 3736 1687 3787 gravitas
1705 3735 1753 3772 ad
1773 3742 2003 3784 aequatorem
2023 3745 2069 3769 ex
2095 3730 2193 3768 binis
2210 3726 2401 3776 prioribus

1363 3792 1573 3841 composita
1587 3788 1712 3826 minor
1723 3788 1773 3826 sit
1789 3787 1973 3838 gravitate
1983 3784 2032 3822 ad
2046 3783 2178 3833 polum
2200 3781 2237 3817 in
2253 3779 2401 3817 ratione

1367 3846 1515 3885 minore
1545 3842 1662 3896 quam
1693 3848 1750 3880 est
1777 3840 1874 3879 ratio
1903 3837 2093 3877 distantiae
2119 3833 2199 3885 poli
2224 3846 2248 3872 a
2274 3838 2405 3870 centro
