2528 4172
1174 679 1269 726 DE

442 908 955 991 MUNDI
1078 900 1996 984 SYSTEMATE.

813 1147 1124 1210 LIBER
1189 1108 1634 1208 TERTIUS.

1086 1381 1355 1400 “Qum

157 1569 244 1649 [Ν
290 1595 465 1649 Libris
512 1596 925 1666 praecedentibus
981 1595 1241 1666 ,principia
1298 1594 1643 1665 philosophiae
1702 1593 1909 1656 tradidi,
1961 1609 2068 1642 non
2117 1600 2292 1641 tamen

151 1686 512 1759 philosophica
562 1687 654 1739 sed
699 1686 1062 1738 mathematica
1107 1684 1324 1748 tantum,
1390 1704 1457 1737 ex
1506 1684 1693 1754 quibus
1743 1682 1982 1734 videlicet
2030 1680 2085 1730 in
2134 1679 2290 1729 rebus

149 1776 520 1847 philosophicis
557 1777 810 1847 disputari
845 1778 1023 1847 possit.
1119 1777 1257 1829 Haec
1301 1786 1421 1828 sunt
1462 1784 1701 1827 motuum
1745 1785 1796 1826 et
1837 1774 2026 1825 virium
2062 1772 2203 1842 leges
2241 1780 2291 1821 et

150 1866 489 1929 conditiones,
530 1884 647 1936 quae
680 1865 747 1917 ad
781 1865 1165 1935 philosophiam
1188 1863 1414 1917 maxime
1442 1873 1691 1933 spectant.
1767 1862 1969 1914 Eadem
1993 1871 2184 1921 tamen,
2225 1877 2291 1908 ne

151 1957 342 2009 sterilia
375 1956 663 2019 videantur,
702 1956 957 2008 illustravi
993 1956 1200 2009 scholiis
1227 1955 1537 2026 quibusdam
1562 1954 1948 2024 philosophicis,
1979 1973 2040 2004 ea
2064 1960 2290 2003 tractans

151 2065 269 2118 quae
303 2045 564 2117 generalia
590 2055 723 2108 sunt,
754 2055 806 2097 et
828 2046 882 2097 in
909 2046 1095 2115 quibus
1120 2044 1452 2115 philosoph-ia
1476 2042 1702 2095 maxime
1729 2043 1935 2094 fundari
1959 2042 2179 2102 videtur,
2216 2040 2292 2090 uti

152 2154 429 2205 corporum
454 2134 760 2187 densitatem
786 2146 837 2189 et
861 2137 1221 2200 resistentiam,
1263 2137 1428 2206 spatia
1454 2136 1756 2205 corporibus
1781 2155 1958 2197 vacua,
1987 2144 2291 2201 motumque

149 2227 279 2280 lucis
317 2236 369 2279 et
407 2245 667 2279 sonorum.
748 2228 995 2296 Superest
1030 2237 1090 2279 ut
1125 2247 1192 2279 ex
1224 2227 1406 2279 iisdem
1439 2226 1708 2295 principiis
1735 2226 2014 2277 doceamus
2042 2224 2290 2275 constitu-

148 2316 342 2367 tionem
379 2316 665 2385 systematis
702 2316 967 2368 mundanI.
1042 2316 1131 2369 De
1174 2316 1276 2368 hoc
1318 2326 1625 2387 argumento
1666 2334 2059 2384 composueram
2097 2313 2290 2364 librum

147 2408 358 2458 tertium
383 2406 631 2459 methodo
655 2408 912 2476 populari,
940 2415 999 2458 ut
1024 2426 1054 2458 a
1077 2406 1314 2479 pluribus
1339 2407 1613 2478 legeretur.
1695 2405 1797 2458 Sed
1825 2406 2010 2474 quibus
2035 2404 2291 2473 principia

147 2495 317 2566 posita
354 2495 474 2546 satis
511 2496 769 2547 intellecta
804 2514 911 2547 non
944 2495 1151 2559 fuerint,
1181 2496 1218 2547 ii
1243 2497 1348 2547 vim
1374 2495 1860 2565 consequentiarum
1887 2492 2098 2544 minime
2124 2493 2289 2561 perci-

146 2586 306 2654 pient,
344 2605 513 2656 neque
548 2586 853 2656 praejudicia
891 2585 1170 2655 deponent,
1212 2586 1398 2655 quibus
1436 2605 1467 2636 a
1499 2584 1674 2636 multis
1701 2593 1841 2635 retro
1879 2584 2028 2634 annis
2054 2583 2289 2633 insueve-

148 2685 301 2727 runt:
343 2686 395 2727 et
429 2685 705 2744 propterea
738 2694 806 2727 ne
843 2695 925 2729 res
961 2676 1016 2727 in
1041 2675 1414 2745 disputationes
1441 2675 1692 2737 trahatur,
1722 2694 1977 2726 summam
2003 2674 2123 2726 libri
2150 2674 2289 2724 illius

148 2764 386 2815 transtuli
422 2765 477 2815 in
512 2765 905 2833 propositiones,
944 2783 1090 2817 more
1115 2764 1496 2827 mathematico,
1524 2774 1583 2815 ut
1608 2764 1673 2815 ab
1700 2764 1762 2815 iis
1790 2764 1911 2815 solis
1938 2764 2177 2834 legantur
2203 2763 2291 2832 qui

147 2852 401 2923 principia
423 2853 568 2921 prius
595 2853 890 2905 evolverint.
956 2853 1329 2905 Verumtamen
1355 2853 1600 2923 quoniam
1625 2853 2007 2921 propositiones
2033 2853 2105 2903 ibi
2132 2871 2286 2921 quam

149 2944 386 3013 plurimae
429 2955 718 3009 occurrant,
765 2964 881 3014 quae
924 2944 1202 2995 lectoribus
1255 2944 1410 2996 etiam
1457 2941 1821 2995 mathematice
1867 2942 2033 2994 doctis
2084 2961 2287 2993 moram

149 3034 362 3088 nimiam
386 3035 591 3104 injicere
617 3035 831 3104 possint,
861 3044 1040 3086 auctor
1066 3053 1175 3086 esse
1201 3035 1323 3086 nolo
1351 3045 1408 3086 ut
1433 3036 1705 3105 quisquam
1730 3053 1815 3085 eas
1843 3053 2024 3085 omnes
2052 3033 2257 3085 evolvat
2271 3053 2287 3095 ;

153 3123 407 3176 suffecerit
445 3125 602 3195 siquis
645 3125 988 3188 definitiones,
1035 3125 1175 3196 leges
1200 3136 1437 3177 motuum
1463 3136 1514 3177 et
1538 3126 1789 3177 sectiones
1816 3136 1919 3177 tres
1946 3126 2146 3193 priores
2172 3125 2291 3177 libri

148 3214 311 3289 primi-
339 3215 519 3267 sedulo
542 3215 696 3287 legat,
733 3216 854 3267 dein
879 3225 1107 3268 transeat
1131 3216 1198 3269 ad
1222 3216 1363 3268 hunc
1387 3217 1579 3268 librum
1606 3216 1670 3268 de
1697 3215 1881 3266 mundi
1909 3224 2199 3284 systemate,
2241 3224 2293 3267 et

151 3301 368 3375 reliquas
391 3304 642 3357 librorum
665 3304 900 3374 priorum
923 3305 1305 3374 propositiones
1330 3305 1418 3357 hic
1446 3305 1629 3357 citatas
1656 3322 1754 3372 pro
1780 3302 1946 3355 lubitu
1972 3303 2219 3362 consulat,

1170 3842 1249 3884 05
