2528 4172
124 279 305 331 L1BE1t
328 277 623 340 Tannus]
680 271 1079 358 PRINCIPIA
1128 271 1743 323 MATHEMATICA.

2177 282 2278 325 49,

120 423 307 473 horum
343 419 544 489 aphelia
575 425 846 470 moventur
870 415 1246 485 aliquantulum
1270 416 1325 466 in
1350 417 1716 486 consequentia
1741 426 1977 485 respectu
2003 416 2241 477 fixarum,

118 513 274 582 idque
300 512 353 562 in
378 511 711 581 proportione
737 505 1093 578 sesquiplicata
1114 506 1471 559 distantiarum
1496 507 1684 559 horum
1710 507 2034 577 planetarum
2053 526 2083 557 a
2106 507 2240 559 Sole.
2267 540 2276 553 -

121 666 308 710 Quamvis
322 674 450 704 antem
463 677 508 702 ex
523 662 606 712 ipsa
620 661 813 712 gravitatis
831 658 978 697 theoria
992 658 1147 710 colliga-

116 726 180 756 tur
206 719 444 766 planetarum
462 716 685 754 inferiorum
705 713 854 763 aphelia
872 725 977 750 nunc
995 725 1148 760 promo-

114 771 205 817 veri,
239 784 342 809 nunc
377 770 526 815 retrahi,
565 768 711 806 medios
747 775 874 804 tamen
910 766 1148 814 apheliorum

113 833 242 861 motus
270 824 425 861 notabili
455 822 582 872 aliquo
611 829 782 868 tempore
808 819 849 855 in
877 819 1149 868 consequentia

115 876 208 921 fieri,
239 884 342 926 patet
369 876 567 913 ratiocinio
597 873 712 916 simili
741 872 798 910 illi
830 872 933 922 quod
957 871 1005 908 de
1031 870 1148 909 Luna

114 929 256 966 factum
270 930 378 967 estin
391 927 481 966 nota
492 928 546 980 (⁰)
557 940 642 977 pag.
660 930 720 964 18.
735 925 908 976 hujusce,
919 924 1024 962 unde
1034 924 1147 961 facile

112 983 298 1020 constabit
333 980 463 1019 revera
498 980 670 1018 medium
710 987 861 1016 motum
897 978 1146 1015 resultantem

112 1042 196 1083 post
214 1043 368 1072 centum
387 1047 508 1072 annos
525 1046 606 1072 esse
624 1040 669 1070 ut
691 1032 772 1080 ipsa
792 1041 964 1080 tempora
982 1030 1145 1079 periodi-

112 1100 166 1133 ca,
187 1087 348 1138 ideoque
367 1088 408 1124 in
427 1088 572 1126 ratione
590 1082 856 1136 sesquiplicata
879 1084 1146 1121 distantiarum

110 1153 133 1177 a
155 1140 254 1186 Sole,
283 1140 498 1178 secundum
517 1153 561 1178 ea
579 1152 666 1190 quae
690 1139 874 1176 dicuntur
899 1138 941 1174 in
964 1137 1052 1175 Cor.
1083 1142 1140 1176 16.

115 1193 229 1241 Prop.
254 1194 416 1231 LXVI.
443 1193 531 1232 Lib·
556 1193 608 1236 1.,
628 1192 697 1230 &c.
760 1192 824 1228 De
843 1190 1019 1239 praesenti
1035 1191 1143 1228 scho-

111 1245 163 1283 lio
182 1247 262 1283 haec
280 1246 382 1284 dicta
400 1247 486 1284 sint.
531 1245 606 1284 Sed
624 1243 948 1294 praetermittenda
961 1255 1040 1280 non
1054 1251 1145 1281 sunt

110 1301 222 1336 verba
247 1300 455 1337 doctissimi
492 1299 561 1336 viri
589 1298 754 1338 Joannis
788 1296 1005 1336 Bernoullii
1030 1298 1144 1348 cujus

108 1352 377 1390 authoritatem
403 1351 570 1390 maxime
596 1363 832 1389 veneramur.
895 1351 956 1388 Sic
975 1348 1056 1387 fere
1073 1352 1142 1387 ha-

109 1407 171 1442 bet
206 1405 346 1444 clariss.
387 1416 498 1444 autor
536 1405 578 1443 in
616 1404 893 1443 Dissertatione
927 1403 976 1440 de
1016 1403 1141 1452 Syste-

108 1465 209 1495 mate
232 1458 451 1497 Cartesiano
478 1471 564 1509 quae
590 1469 694 1496 anno
725 1458 907 1496 1730..ab
930 1453 1143 1493 Academia

111 1509 239 1561 Regia
277 1511 531 1550 scientiarum
565 1510 723 1560 praemio
766 1510 1017 1547 condecorata
1050 1508 1138 1554 fuit,

110 1562 355 1614 Paragrapho
377 1565 497 1602 XLI.
549 1569 574 1588 “
594 1564 832 1615 (Newtonus
848 1562 1030 1610 supponit
1055 1574 1139 1599 mo-

109 1621 135 1641 “
152 1623 237 1654 tum
261 1617 400 1665 aphelii
429 1617 567 1655 Martis
593 1618 635 1653 in
661 1615 930 1666 consequentia
951 1627 1041 1652 eum
1059 1627 1140 1652 esse

108 1673 134 1692 “
152 1677 196 1707 ut
222 1678 378 1708 centum
405 1682 594 1708 annorum
618 1668 741 1718 spatio
760 1669 821 1707 33'
841 1667 923 1706 20“.
947 1668 1134 1705 conficiat.

108 1726 133 1746 “
155 1722 263 1761 Hinc
299 1723 446 1774 colligit
481 1736 549 1771 per
583 1722 771 1761 theoriam
806 1721 1000 1772 gravitatis
1035 1721 1140 1772 quod

108 1778 133 1798 “
150 1774 314 1813 aliorum
342 1776 582 1825 planetarum
613 1776 840 1814 inferiorum
874 1774 1025 1823 aphelia
1055 1787 1147 1811 mo·-

108 1832 133 1851 “
152 1836 287 1877 ventur
312 1829 352 1866 in
379 1829 650 1880 consequentia
676 1836 849 1877 respectu
876 1827 1053 1873 fixarum,
1080 1827 1137 1865 id·

108 1884 134 1904 “
150 1894 226 1931 que
251 1881 294 1918 in
320 1883 563 1931 proportione
590 1879 855 1932 sesquiplicatz'i
873 1881 1139 1919 distantiarum

107 1938 130 1957 ‘⁴
148 1935 288 1972 horum
305 1935 545 1983 planetarum
565 1949 587 1972 a
605 1936 704 1973 Sole.
747 1935 871 1972 Nullo
885 1934 1139 1971 fundamento

105 1990 131 2009 “
150 1985 330 2038 meraque
355 1987 576 2036 apparentia
602 1988 716 2025 nixus
744 1987 895 2025 videtur
924 1988 1139 2025 Newtonus

105 2043 131 2062 “
149 2040 191 2077 in
235 2040 504 2079 constituenda
547 2040 622 2078 hac
666 2041 813 2078 ratione
856 2037 1132 2090 sesquiplicate‘i.

105 2095 132 2116 “
152 2093 290 2143 Neque
309 2093 412 2130 enim
430 2094 614 2144 intelligo,
631 2106 755 2143 neque
768 2101 812 2130 ut
825 2094 994 2137 arbitror,
1010 2092 1139 2142 plures

106 2149 131 2169 “
149 2145 215 2183 alii
246 2159 309 2184 me
336 2146 420 2195 ipso
448 2147 737 2196 perspicaciores
761 2146 993 2196 intelligunt,
1022 2159 1138 2196 quare

104 2202 130 2221 “
149 2206 287 2237 mutua
314 2199 555 2248 planetarum
586 2199 794 2250 gravitatio‚
827 2199 974 2237 etiamsi
1002 2211 1137 2237 conce-

104 2255 131 2274 “
150 2251 313 2296 deretur,
331 2253 430 2290 hanc
446 2253 727 2302 proportionem
747 2253 924 2301 postulet.
967 2252 1024 2289 Et
1037 2251 1139 2291 certe

84 2311 88 2314 ”
104 2307 130 2327 “
148 2305 230 2342 haec
248 2305 381 2343 eadem
399 2306 599 2356 gravitatio
616 2304 731 2355 plane
756 2305 1006 2356 irregularem
1024 2305 1139 2343 effec-

105 2360 130 2380 “
148 2364 233 2395 tum
260 2365 299 2396 et
329 2371 409 2396 suae
439 2358 584 2409 regulae
613 2358 847 2396 contrarium
876 2358 1052 2407 producit
1077 2371 1138 2397 re-

103 2414 131 2433 “
148 2419 280 2459 spectu
312 2411 451 2460 aphelii
483 2413 649 2457 Saturni,
681 2411 774 2450 cum
807 2412 1022 2449 Newtonus
1056 2411 1138 2461 ipse

104 2467 129 2486 ‘⁴
148 2470 289 2502 statuat
305 2464 346 2501 in
365 2465 635 2514 conjunctione
659 2464 769 2504 Jovis
787 2472 825 2502 et
846 2464 1000 2502 Saturni
1018 2466 1135 2513 aphe-

104 2516 246 2553 “lium
288 2517 387 2554 illud
427 2530 532 2555 nunc
567 2518 793 2566 promoveri,
839 2530 945 2555 nunc
980 2517 1131 2555 retrahi.

104 2573 129 2592 “
150 2569 353 2620 Numquid
365 2569 414 2607 de
427 2570 590 2621 singulis
603 2570 765 2620 planetis
778 2570 1018 2608 inferioribus
1032 2570 1137 2608 idem

104 2625 130 2645 “
147 2634 298 2672 quoque
324 2623 570 2661 statuendum
602 2623 804 2661 videretur.
865 2623 970 2661 Nam
994 2625 1027 2661 si
1050 2623 1137 2662 talis

103 2678 129 2697 “
146 2674 380 2714 admittenda
396 2676 495 2714 foret
513 2676 695 2721 attractio,
718 2676 853 2714 Tellus
870 2689 905 2713 v.
928 2689 984 2727 gr.
1008 2678 1075 2714 ubi
1094 2677 1135 2714 in

104 2731 131 2751 “
148 2728 297 2775 aphelio
325 2737 505 2780 yersatur,
539 2730 566 2769 J
569 2742 755 2779 ovemque
785 2737 960 2778 respectu
991 2729 1135 2767 zodiaci

103 2784 129 2803 “
146 2781 337 2829 praecedit,
357 2784 619 2827 retraheretur,
641 2790 678 2820 et
702 2789 833 2819 contra
849 2790 1135 2831 promoveretur

104 2838 129 2856 “
148 2833 214 2871 ubi
233 2833 388 2883 Jupiter
408 2835 602 2872 Tellurem
622 2835 862 2884 praecederet.
918 2834 1034 2873 Unde
1051 2836 1134 2873 ha’c

103 2889 129 2908 ‘⁴
147 2886 345 2944 gravitffo
376 2889 584 2926 contrarios
612 2886 771 2925 omnino
800 2888 957 2926 effectus
980 2895 1070 2926 ante
1096 2896 1136 2928 et

103 2942 129 2962 ‘⁸
145 2947 230 2987 post
259 2941 567 2992 conjunctionem
599 2932 765 2979 Tellufis
791 2948 830 2978 et
853 2940 963 2980 Jovis
990 2940 1133 2989 produ-

104 2994 129 3015 ⁴‘
146 3000 257 3031 ceret.
318 2994 393 3032 Sed
420 2994 474 3031 nil
501 2995 576 3032 tale
602 2995 830 3037 observatur,
859 2993 975 3043 idque
998 3005 1044 3031 ex
1063 2993 1135 3032 sua

104 3047 128 3067 “
145 3044 344 3094 hypothesi
365 3048 580 3085 Newtonus
596 3046 757 3084 minime
775 3046 933 3098 colligit,
959 3045 1058 3085 sieut
1075 3047 1133 3086 fa-

103 3100 130 3120 “
147 3109 230 3135 cere
248 3098 465 3149 deberet.”)

156 3151 177 3173 ⁴*
193 3150 264 3188 -Ex
289 3152 479 3200 praedictis
499 3160 629 3191 autem
647 3152 759 3191 facile
781 3151 998 3203 responderi
1012 3166 1134 3203 ‚posse

67 3224 70 3232 »
103 3200 251 3240 videtur
269 3205 339 3242 viri
357 3205 561 3244 doctissimi
581 3207 760 3257 quaesitis.

162 3254 219 3292 10.
252 3256 371 3295 Enim
399 3258 578 3297 concessa¹
603 3259 843 3308 planetarum
870 3258 1131 3309 gravitatione,

105 3314 255 3359 motum
284 3311 519 3359 apheliorum
548 3311 789 3361 planetarum
819 3312 1044 3350 inferiorum
1076 3326 1134 3351 se-

105 3359 279 3398 cundum
302 3365 582 3414 proportionem
609 3365 912 3414 sesquiplicatam
938 3365 1133 3404 distantia-

104 3424 193 3450 rum
211 3413 293 3450 fieri
310 3413 456 3462 debere,
476 3417 742 3456 mathematice
757 3419 929 3468 sequitur
939 3431 986 3456 ex
1002 3419 1129 3456 Corol.

110 3469 169 3502 16.
201 3466 313 3514 Prop.
339 3468 500 3507 LXVI.
533 3469 620 3508 Lib.
651 3470 687 3507 Ι.
719 3478 764 3508 ut
794 3483 909 3520 supra
938 3480 1134 3509 ostensum

105 3525 173 3563 est,
207 3518 306 3556 illud
338 3529 466 3558 autem
497 3523 751 3560 Corollarium
783 3528 840 3561 16.
867 3533 945 3562 tam
975 3537 1022 3562 ex
1054 3536 1134 3561 sec-

105 3570 209 3608 tione
236 3571 327 3609 nota
353 3573 440 3611 Lib.
465 3574 499 3611 I.
521 3574 638 3625 quam
655 3588 702 3612 ex
720 3575 802 3624 ipsa
825 3576 938 3625 Prop.
966 3577 1129 3614 LXVI.

105 3621 275 3673 legitime
302 3625 452 3671 deduci,
481 3639 524 3664 ex
546 3628 627 3676 ipso
655 3628 846 3667 Newtono
869 3629 1045 3680 notisque
1062 3629 1137 3666 illis

107 3674 201 3714 locis
218 3677 372 3728 adjectis
389 3681 591 3728 probatum
609 3680 810 3718 credimus.
849 3708 852 3711 -

159 3728 220 3766 20.
256 3730 372 3774 Quod
391 3731 563 3781 queritur
582 3732 632 3769 V.
654 3733 707 3770 D.
727 3735 897 3772 eamdem
918 3734 1136 3785 gravitatioq-

74 3822 78 3825 μ
109 3791 198 3819 nem
225 3784 455 3823 contrarium
488 3785 667 3824 effectum
696 3785 841 3837 regulae
876 3800 955 3826 suae
992 3788 1134 3838 produ-

1201 658 1287 698 cere
1304 667 1477 707 respectu
1496 661 1637 708 aphelii
1661 660 1826 706 Saturni,
1848 660 1886 698 id
1905 659 1997 698 vitio
2014 660 2240 698 vertendum

1206 725 1284 750 non
1321 720 1377 750 est
1408 715 1599 762 systemati
1637 714 1901 759 Newtoniano‚
1935 713 2029 764 quin
2060 725 2082 750 e
2111 722 2242 751 contra

1205 765 1360 816 egregia
1405 766 1539 813 procul
1591 766 1711 803 dubio
1759 776 1816 804 est
1859 768 1941 817 ejus
1986 766 2235 804 confirmatio.

1209 820 1365 867 Quippe
1392 831 1438 855 eo
1466 819 1546 867 ipso
1573 818 1677 869 quod
1705 819 1891 857 Saturnus
1909 819 2053 857 caeteris
2079 819 2242 868 planetis

1203 872 1252 909 sit
1275 870 1449 916 exterior,
1478 884 1524 908 ex
1553 880 1754 921 systemate
1785 873 2041 910 Newtoniano
2059 871 2145 909 fluit
2163 873 2240 909 vim

1206 924 1305 962 Solis
1323 925 1363 960 in
1386 925 1596 961 Saturnum
1614 933 1792 974 agentem
1810 926 1943 975 augeri
1968 938 2035 973 per
2053 925 2129 961 vim
2158 926 2239 973 pla-

1203 984 1380 1015 netarum
1399 978 1623 1015 interiorum
1642 979 1680 1014 in
1702 978 1982 1028 conjunctione,
2004 978 2108 1015 unde
2122 979 2238 1026 aphe-

1201 1030 1299 1066 lium
1318 1031 1400 1079 ejus
1418 1030 1531 1068 debet
1550 1030 1698 1080 regredi
1726 1043 1793 1078 per
1814 1031 1930 1079 Prop.
1958 1031 2037 1067 XL
2050 1031 2091 1067 V.
2117 1032 2240 1081 (quod

1200 1083 1242 1120 in
1265 1084 1431 1121 Saturno
1449 1084 1651 1127 observari,
1674 1096 1721 1121 cx
1740 1085 1822 1132 ipso
1843 1084 2002 1123 Cassino
2020 1083 2237 1130 didicimus,

1201 1144 1247 1174 ut
1273 1137 1447 1185 superius
1466 1135 1558 1174 nota
1578 1137 1634 1187 (³)
1656 1150 1744 1187 pag.
1772 1141 1831 1174 17.
1856 1136 2075 1184 retulimus)
2097 1136 2192 1174 dum
2216 1151 2239 1175 e

1200 1197 1332 1227 contra
1360 1189 1510 1238 aphelia
1540 1191 1781 1238 planetarum
1813 1189 2038 1227 interiorum
2065 1202 2132 1237 per
2160 1190 2237 1227 vim

1200 1244 1431 1281 exteriorum
1456 1244 1498 1280 in
1522 1244 1794 1294 conjunctione
1823 1243 2035 1292 positorum
2060 1243 2237 1294 progredi

1199 1295 1374 1334 debeant.
1844 1320 1852 1330 A·
2044 1310 2047 1314 ’

1250 1349 1311 1386 50.
1349 1349 1535 1394 Queritur
1566 1349 1734 1401 denique
1760 1349 1865 1400 quod
1891 1348 2041 1399 aphelia
2065 1348 2234 1398 planeta-

1198 1414 1288 1439 rum
1315 1402 1544 1440 inferiorum
1575 1416 1681 1440 nunc
1709 1403 1860 1448 retrahi,
1892 1415 1996 1439 nunc
2023 1403 2236 1451 promoveri

1197 1455 1373 1499 debeant,
1407 1456 1511 1506 quod
1544 1464 1674 1494 tamen
1705 1468 1784 1494 non
1813 1458 2058 1501 observatur3
2096 1455 2238 1494 scilicet

1199 1508 1415 1546 Newtonus
1432 1509 1565 1547 statuit
1577 1509 1734 1560 quidem
1750 1508 1901 1557 aphelia
1917 1508 2159 1557 planetarum
2177 1509 2236 1546 in-

1196 1561 1382 1599 feriorum
1413 1562 1453 1599 in
1483 1562 1645 1613 syzygiis
1670 1561 1896 1612 promoveri,
1928 1561 1970 1598 in
1998 1561 2238 1611 quadraturis

1195 1614 1388 1659 retardari,
1421 1614 1509 1663 plus
1539 1616 1753 1664 promoveri
1778 1612 1867 1652 vero
1895 1613 2013 1664 quam
2042 1614 2235 1660 retardari,

1196 1667 1300 1705 unde
1317 1667 1359 1704 in
1379 1675 1505 1705 totum
1523 1669 1701 1719 progredi
1721 1668 1922 1714 videntur3
1948 1667 2088 1716 aphelii
2106 1675 2238 1705 autem

1197 1732 1243 1757 ea
1274 1720 1393 1758 veluti
1422 1721 1572 1759 libratio
1603 1720 1848 1760 observabilis
1877 1733 1956 1758 non
1983 1729 2063 1767 est;
2092 1721 2236 1757 etenim

1194 1773 1262 1823 qui
1289 1774 1396 1822 praxi
1423 1775 1688 1812 astronomicae
1714 1786 1870 1823 operam
1889 1773 1992 1818 dant,
2019 1772 2132 1811 facile
2151 1786 2236 1811 sen-

1195 1826 1298 1864 tiunt
1326 1827 1411 1865 loca
1442 1828 1681 1876 apheliorum
1708 1829 1762 1866 ita
1790 1839 1871 1864 non
1903 1826 2161 1871 determinari,
2192 1834 2238 1864 ut

1196 1879 1345 1917 nutatio
1363 1881 1504 1929 aphelii
1521 1881 1562 1918 in
1581 1880 1745 1932 singulis
1763 1880 1896 1919 orbitae
1919 1879 2091 1927 partibus
2108 1881 2236 1917 obser-

1194 1933 1346 1970 vatione
1364 1934 1606 1981 obtineatur3
1626 1935 1706 1972 imo
1724 1941 1810 1983 post
1827 1934 1957 1982 plures
1971 1932 2158 1970 duntaxat
2176 1945 2236 1970 re-

1184 1986 1409 2024 ³volutiones
1427 1986 1518 2025 satis
1535 1987 1621 2026 tuto
1639 1988 1780 2037 aphelii
1799 1997 2042 2036 progressum
2060 1984 2242 2032 inveniri,

1194 2038 1288 2087 ipsae
1314 2040 1486 2078 methodi
1504 2039 1554 2078 ad
1572 2054 1636 2079 eas
1654 2040 1932 2079 observationes
1959 2037 2138 2076 adhibitae
2166 2038 2237 2075 do-

1194 2100 1308 2139 cent;
1337 2092 1440 2140 hinc,
1460 2093 1510 2131 ad
1529 2095 1809 2132 observationes
1826 2103 2031 2141 provocare
2050 2103 2128 2128 non
2147 2090 2253 2128 licet-

1193 2153 1239 2183 ut
1264 2145 1373 2183 illam
1398 2146 1640 2184 nutationem
1658 2148 1719 2184 vel
1738 2158 1866 2184 veram
1885 2143 1945 2182 vel
1965 2144 2137 2181 fictitiam
2155 2156 2237 2181 esse

1193 2200 1385 2246 probetur,
1411 2199 1600 2249 siquidem
1623 2199 1902 2238 observationes
1919 2195 1992 2234 hac
2011 2196 2060 2235 de
2077 2208 2119 2234 re
2137 2196 2235 2233 nihil

1193 2250 1328 2289 docere
1346 2264 1417 2290 nos
1434 2263 1605 2300 possunt.

1249 2304 1375 2343 Addit
1409 2303 1512 2351 vero,
1557 2308 1683 2345 Tellus
1719 2306 1784 2345 ubi
1814 2307 1857 2344 in
1889 2305 2030 2353 aphelia
2061 2311 2235 2342 versatur

1192 2359 1396 2408 Jovemque
1413 2366 1581 2408 respectu
1598 2362 1743 2398 zodiaci
1754 2360 1946 2408 praecedit,
1967 2359 2233 2402 retraheretur,

1191 2418 1227 2448 et
1244 2419 1375 2450 contra
1388 2420 1672 2461 promoveretur
1685 2414 1749 2451 ubi
1762 2414 1912 2461 Jupiter
1933 2411 2121 2449 Tellurem
2130 2422 2235 2458 prce-

1191 2466 1344 2509 cederet,
1374 2467 1478 2503 unde
1498 2468 1664 2515 gravitas
1688 2467 1892 2504 contrarios
1919 2462 2072 2513 effectus
2090 2464 2234 2511 produ-

1190 2525 1289 2555 ceret
1324 2525 1412 2557 ante
1447 2526 1483 2556 et
1526 2526 1608 2568 post
1644 2519 1950 2569 conjunctionem
1993 2517 2155 2554 Telluris
2199 2523 2234 2553 et

1189 2572 1290 2609 Jovis
1302 2590 1316 2616 ‚·
1346 2571 1378 2608 si
1403 2571 1445 2608 in
1470 2571 1545 2609 hoc
1572 2573 1749 2621 exemplo
1776 2579 1913 2621 agatur
1937 2568 1986 2607 de
2010 2576 2121 2606 motu
2142 2568 2234 2606 Tel-

1190 2622 1285 2660 luris
1311 2623 1353 2660 in
1380 2623 1558 2675 longum,
1581 2626 1665 2664 haec
1692 2637 1821 2662 revera
1839 2623 1968 2661 fluunt
1994 2634 2041 2659 ex
2069 2621 2235 2671 gravita-

1190 2675 1304 2713 tionis
1323 2684 1591 2726 systemate,.et
1603 2676 1734 2717 revera
1752 2678 1793 2714 in
1810 2675 1927 2714 Luna
1945 2675 2035 2713 inde
2053 2673 2232 2723 produci·

1189 2736 1253 2766 tur
1276 2742 1322 2767 ea
1349 2730 1588 2780 inaequalitas
1606 2745 1693 2781 qnae
1711 2733 1866 2770 variatio
1886 2728 2038 2774 dicitur,
2060 2734 2231 2765 astrono-

1188 2781 1263 2820 mis
1290 2783 1511 2830 notissima3
1541 2784 1708 2822 similem
1728 2783 2028 2833 inaequalitatem
2047 2781 2088 2817 in
2110 2779 2232 2817 Terra

1188 2847 1268 2872 non
1286 2835 1444 2886 quidem
1462 2838 1711 2875 observarunt
1728 2836 1935 2875 astronomi
1960 2835 2052 2885 quia
2069 2832 2231 2870 minima

1188 2900 1269 2926 esse
1298 2889 1410 2927 debet
1439 2902 1508 2938 per
1533 2889 1656 2938 ipsam
1688 2888 1949 2941 gravitationis
1973 2895 2162 2931 naturam,
2191 2894 2230 2923 et

1189 2939 1279 2978 cnm
1305 2955 1385 2980 sese
1409 2938 1592 2993 utrinque
1609 2950 1841 2992 compenset,
1862 2941 2015 2979 nullum
2035 2939 2094 2977 sui
2112 2938 2228 2976 relin-

1188 2994 1272 3044 quit
1290 2995 1520 3046 vestigium3
1539 2995 1647 3045 quod
1664 2996 1695 3034 si
1712 2997 1753 3033 in
1772 2997 1846 3033 hoc
1866 2993 2040 3042 exemplo
2059 2992 2106 3029 de
2118 2998 2228 3029 motu

1187 3047 1330 3095 aphelii
1361 3049 1490 3086 Terrae
1516 3056 1654 3100 agatur
1680 3057 1726 3088 ut
1754 3061 1801 3086 ex
1826 3047 2012 3085 sermonis
2029 3045 2124 3082 serie
2142 3044 2230 3094 quis

1185 3099 1284 3139 forte
1301 3102 1565 3150 suspicaretur,
1586 3115 1647 3141 res
1663 3102 1745 3140 fieri
1764 3114 1841 3140 non
1854 3100 1966 3139 debet
1984 3107 2028 3136 ut
2045 3098 2108 3134 hic
2125 3096 2225 3134 indi·

1186 3161 1307 3199 catur,
1337 3167 1429 3192 nam
1460 3154 1502 3191 in
1530 3162 1611 3193 tota
1639 3155 1793 3206 syzygia
1829 3153 2025 3202 aphelium
2058 3150 2229 3188 Telluris

1184 3207 1364 3256 progredi
1395 3207 1545 3253 debere,
1575 3217 1614 3246 et
1641 3208 1682 3246 in
1706 3205 1939 3257 quadratura
1963 3206 2150 3243 duntaxat
2168 3216 2227 3241 re-

1185 3260 1305 3309 gredi,
1326 3260 1447 3312 liquet
1464 3273 1532 3309 per
1554 3261 1669 3310 Prop.
1692 3260 1829 3299 XLV.
1852 3267 1891 3297 et
1913 3258 2074 3297 XLVI.
2103 3256 2226 3294 Primi

1188 3312 1310 3351 Libri.

1243 3367 1353 3411 Quas
1388 3366 1546 3417 quidem
1587 3365 1853 3405 adnotationes
1896 3365 1945 3403 ea
1980 3371 2109 3403 mente
2145 3375 2226 3401 non

1185 3418 1434 3470 adjungimus
1478 3429 1524 3458 ut
1567 3420 1777 3470 quidquam
1817 3418 2022 3468 derogetur
2062 3429 2225 3455 summae

1187 3471 1258 3509 viri
1286 3472 1528 3510 illustrissimi
1567 3473 1670 3521 apud
1705 3484 1840 3509 omnes
1871 3471 2224 3521 φιλομαθηματίκους

1186 3525 1418 3563 authoritati.
1479 3525 1556 3563 Sed
1586 3524 1676 3563 cum
1707 3525 1922 3562 Newtonus
1949 3524 2129 3561 brevitate
2154 3521 2227 3560 sua

1186 3578 1425 3616 occasionem
1453 3577 1601 3615 dederit
1630 3578 1680 3616 V.
1707 3578 1771 3616 Ill.
1796 3577 1961 3622 dicendi,
1995 3589 2085 3614 eum
2115 3576 2226 3613 nullo

1185 3629 1447 3679 fundamento!
1471 3629 1654 3680 metaque
1684 3629 1906 3679 apparentia
1941 3630 2226 3679 proportionem

1188 3681 1316 3720 motus
1334 3681 1575 3730 apheliorum
1594 3683 1776 3727 statuisse,
1807 3682 1880 3720 hac
1898 3681 1990 3720 nota
2009 3683 2078 3730 ipsi
2098 3679 2228 3719 inusta

1187 3747 1278 3771 eum
1307 3747 1470 3784 purgare
1499 3743 1537 3774 et
1565 3737 1699 3775 veritas
1735 3744 1773 3775 et
1812 3736 2133 3775 Commentatoris
2168 3734 2227 3772 of·-

1188 3788 1319 3826 ficium
1337 3787 1590 3836 postulabant.

1131 3856 1208 3894 F3
