2528 4172
123 269 424 333 CA1›.111.]
752 270 862 323 AD
902 270 1274 325 TERTIUM
1313 272 1645 326 LIBRUM.
2141 277 2271 327 xxxi

115 415 234 467 duae
272 414 434 467 stellae
472 414 595 467 fixae
631 433 852 485 quarum
889 414 1134 468 distantia
1171 435 1428 486 apparens
1460 418 1512 468 in
1547 418 1758 470 minutis
1796 419 2036 471 secundis
2062 418 2272 471 aliunde

109 517 235 559 nota
271 508 351 570 sit,
393 509 495 560 sint
528 508 581 559 in
616 507 707 559 filo
746 508 1078 560 transversali
1115 508 1169 560 K
1196 508 1261 571 L,
1291 509 1475 577 positae
1503 522 1838 580 verseturque
1865 510 2077 562 cochlea
2103 511 2273 563 donec

109 598 258 651 filum
295 601 488 653 mobile
524 599 560 651 h
599 600 665 663 L,
704 619 800 670 per
837 612 1074 653 centrum
1110 619 1163 665 Χ,
1205 601 1367 652 stellae
1407 601 1559 653 unius
1586 613 1829 665 transeat,
1871 602 2082 654 alterius
2109 602 2271 653 stellae

109 699 290 741 centro
331 708 399 750 m,
445 688 527 741 vel
565 707 618 751 n,
666 690 921 742 existente
959 690 1013 741 in
1051 690 1154 742 alio
1180 689 1271 741 filo
1305 710 1336 742 a
1374 690 1424 753 b,
1457 690 1594 742 veie
1621 691 1672 743 d.
1753 690 1878 744 Hac
1905 692 2271 745 observatione

107 791 288 832 notum
315 781 414 833 erit
439 780 644 832 cuinam
669 781 930 833 distantiae
956 781 1228 851 apparenti
1256 782 1569 850 respondeat
1595 782 1871 853 longitudo
1896 802 1947 833 m
1969 801 2022 847 x,
2050 783 2133 834 vel
2162 802 2194 834 n
2215 802 2269 846 Χ,

108 869 162 920 in
188 869 338 921 lineis
367 881 417 922 et
444 870 596 922 lineae
620 872 856 939 partibus
891 872 1027 934 data,
1068 870 1122 923 et
1145 870 1266 923 inde
1292 890 1387 940 per
1413 872 1771 941 proportionis
1799 874 2051 945 regulam,
2094 874 2272 926 obscr-

105 960 221 1013 vata
261 961 490 1031 qualibet
526 962 626 1015 alia
666 963 893 1016 siderum
935 962 1181 1015 distantia
1220 981 1254 1013 n
1296 982 1345 1032 q,
1388 963 1599 1014 dabitur
1636 963 1860 1034 angulus
1901 965 1997 1016 sub
2025 984 2130 1035 quo
2157 964 2273 1017 haec

105 1050 349 1102 distantia
387 1051 530 1102 nudo
568 1052 722 1103 oculo
756 1052 1035 1115 videretur,
1065 1050 1336 1103 inferendo
1364 1052 1466 1103 sic:
1508 1062 1565 1104 ut
1590 1071 1644 1103 m
1668 1068 1704 1103 Χ
1732 1053 1812 1104 vel
1840 1072 1873 1105 n
1902 1072 1936 1104 Χ
1965 1054 2029 1105 ad
2058 1073 2092 1105 n
2120 1074 2169 1125 q,
2199 1054 2272 1107 ita

103 1142 346 1195 distantia
384 1159 640 1213 apparens
680 1145 947 1197 stellarum
986 1139 1208 1195 duarum
1247 1162 1315 1206 m,
1352 1143 1429 1195 vel
1461 1163 1512 1206 n,
1544 1156 1595 1196 et
1620 1163 1655 1194 Χ
1684 1144 1752 1195 ad
1779 1144 2081 1196 distantiam
2108 1166 2268 1216 appa-

100 1242 302 1283 rentem
326 1244 643 1301 punctorum
662 1253 697 1284 n
725 1243 775 1286 et
801 1254 851 1304 q.
931 1230 1215 1285 Moveatur
1234 1234 1343 1303 jam
1371 1234 1630 1303 quadrum
1661 1234 1706 1285 E
1731 1235 1773 1285 F
1798 1238 1855 1293 H
1885 1238 1934 1291 G
1960 1255 2059 1305 ope
2089 1256 2269 1308 recep-

100 1320 258 1372 taculi
284 1321 448 1373 striati
474 1322 642 1375 donec
667 1323 815 1374 filum
842 1324 951 1393 ejus
979 1323 1247 1377 sericumh
1267 1321 1525 1384 L,exacte
1545 1324 1821 1375 conveniat
1849 1325 2059 1378 cuilibet
2079 1345 2145 1378 ex
2167 1327 2268 1379 filis

98 1413 360 1481 parallelis
398 1415 610 1467 alterius
649 1415 850 1485 quadri,
891 1424 1202 1484 noteturque
1239 1414 1431 1483 positio
1468 1414 1823 1467 auricularum
1865 1419 2179 1485 receptaculi
2217 1430 2271 1471 et

99 1505 288 1557 iterum
313 1517 583 1560 moveatur
616 1506 1001 1580 receptaculum
1030 1500 1197 1558 donec
1223 1501 1363 1557 idem
1392 1506 1538 1556 filum
1567 1505 1752 1575 quadri
1781 1506 1828 1556 E
1853 1507 1896 1557 F
1922 1506 1984 1559 H
2007 1505 2060 1558 G
2089 1512 2270 1577 proxi-

97 1612 186 1645 mo
205 1595 296 1647 filo
316 1596 525 1648 alterius
546 1606 816 1668 congruat,
838 1597 936 1659 vel,
960 1596 1102 1666 quod
1128 1595 1268 1647 idem
1288 1604 1381 1658 est,
1405 1606 1678 1668 moveatur?
1696 1594 1954 1664 quadrum
1977 1597 2023 1647 E
2048 1597 2091 1648 F
2114 1600 2178 1652 H
2201 1601 2270 1667 G,

96 1703 192 1755 per
218 1688 442 1756 spatium
470 1697 692 1758 quatuor
717 1688 989 1750 linearum,
1018 1696 1464 1756 numerenturque
1502 1686 1851 1739 revolutiones
1879 1689 2190 1758 receptaculi
2217 1701 2270 1742 et

95 1785 269 1844 partes
310 1777 464 1828 unius
502 1777 843 1829 revolutionis
882 1796 1000 1847 quae
1038 1777 1249 1828 filorum
1286 1775 1562 1828 intervallo
1599 1775 1854 1828 linearum
1882 1789 2106 1847 quatuor
2143 1777 2269 1831 con-

96 1868 325 1921 veniunt.
408 1870 684 1922 Condatur
720 1869 935 1922 tandem
969 1868 1151 1921 ‘tabula
1187 1867 1573 1920 revolutionum
1613 1869 1928 1937 receptaculi
1964 1880 2015 1921 et
2040 1870 2269 1939 partium

96 1957 206 2026 ejus
245 1978 363 2029 quae
400 1960 620 2031 singulis
656 1959 872 2013 minutis
898 1958 1081 2029 primis
1108 1968 1161 2010 et
1187 1956 1431 2010 secundis
1458 1975 1524 2009 ex
1552 1968 1678 2010 noto
1705 1956 1943 2027 superius
1969 1968 2080 2012 toto
2108 1960 2267 2014 inter-

95 2047 233 2098 vallo
259 2042 533 2101 debentur.

169 2145 255 2190 38.
297 2138 408 2191 Ubi
443 2139 697 2191 diameter
732 2135 1062 2209 planetarum
1100 2138 1198 2192 erit
1234 2140 1578 2203 observanda,
1605 2139 1809 2192 directo
1836 2139 2118 2210 telescopio
2145 2157 2265 2193 cum

89 2225 427 2280 :micrometro
470 2229 538 2281 ad
579 2229 845 2298 planetam
888 2229 961 2281 ita
998 2230 1344 2299 disponantur
1380 2230 1470 2282 fila
1513 2231 1776 2282 movendo
1822 2231 2161 2300 telescopium
2208 2241 2267 2284 ut

96 2316 277 2371 sideris
318 2318 509 2373 limbus
554 2338 719 2373 unum
763 2340 830 2373 ex
866 2321 968 2372 filis
1012 2321 1273 2390 parallelis
1311 2322 1667 2373 immobilibus
1712 2334 2016 2390 percurrat3
2072 2321 2265 2374 deinde

92 2410 477 2478 receptaculum
516 2420 862 2473 convertatur,
904 2409 1073 2462 donec
1110 2410 1259 2461 filum
1297 2410 1490 2462 mobile
1523 2410 1742 2461 limbum
1770 2411 1989 2463 alterum
2035 2412 2262 2480 planetae

93 2498 374 2570 contingat.
477 2498 820 2552 Manifestum
865 2510 943 2551 est
987 2518 1053 2551 ex
1092 2498 1336 2552 distantia
1376 2499 1584 2572 cognita
1626 2500 1763 2551 inter
1809 2500 1897 2552 fila
1944 2501 2262 2555 fni-cronietri

93 2606 209 2658 quae
251 2589 514 2658 planetam
557 2588 1026 2660 comprehendunt,
1079 2599 1258 2648 notam
1299 2589 1412 2641 fieri
1466 2590 1694 2659 planetae
1740 2589 2051 2643 diametrum
2098 2611 2260 2662 appa-

93 2690 308 2733 rentem.

115 2787 117 2790 ⁴
169 2777 253 2822 39.
293 2770 437 2823 Data
478 2770 824 2826 declinatione
863 2782 915 2826 et
950 2773 1256 2826 ‘ascensione
1293 2773 1435 2827 'recta
1464 2773 1627 2826 stellae
1656 2774 1794 2838 fix’ae,
1831 2774 2050 2826 inveniri
2089 2785 2261 2845 potest

25 2902 27 2904 .
68 2855 301 2924 ⁸alterius
340 2860 504 2912 stellae
542 2861 821 2914 declinatio
858 2873 910 2915 et
948 2863 1183 2915 ascensio
1222 2874 1380 2928 recta,
1421 2864 1582 2916 modo
1609 2876 1782 2916 tamen
1805 2865 1928 2916 ‘duae
1965 2865 2069 2916 illae
2096 2865 2260 2917 stellae

89 2949 309 3003 transire
335 2951 562 3004 vicissim
587 2954 788 3023 possint
812 2972 907 3023 per
934 2973 1180 3025 campum
1206 2955 1476 3024 telescopii
1504 2955 1720 3007 immoti.
1808 2955 1889 3007 Ita
1916 2956 2053 3008 enim
2081 2956 2262 3025 dispo-

90 3048 279 3092 nantur
315 3039 406 3092 fila
441 3041 691 3111 parallela
728 3043 1052 3096 micrometri
1097 3055 1156 3097 ut
1198 3055 1371 3096 motus
1417 3044 1635 3097 diurnus
1675 3046 1837 3097 stellae
1882 3065 1998 3115 quae
2037 3046 2254 3098 alteram

91 3130 339 3195 praecedit
365 3131 457 3185 fiat
482 3143 639 3203 Super
665 3153 832 3186 unum
857 3152 924 3187 ex
950 3135 1052 3186 illis
1086 3135 1135 3188 E
1156 3134 1229 3188 G.
1310 3136 1480 3204 Super
1506 3155 1537 3187 a
1556 3136 1608 3200 b,
1638 3137 1691 3187 in
1719 3156 1823 3207 quo
1851 3137 1950 3189 situ
1981 3136 2126 3187 filum
2154 3156 2182 3189 c
2203 3137 2256 3200 d,

92 3229 319 3285 exponet
340 3221 638 3290 portionem
675 3223 922 3295 exiguam
959 3223 1195 3293 paralleli
1221 3243 1375 3295 quem
1403 3224 1551 3276 stella
1578 3225 1840 3289 describit,
1870 3237 1922 3277 et
1949 3225 2093 3277 filum
2126 3226 2179 3278 K
2210 3227 2257 3280 L

90 3306 224 3359 illud
271 3310 340 3362 ad
388 3312 608 3384 angulos
668 3323 840 3366 rectos
890 3311 1225 3379 intersecans,
1289 3315 1546 3367 circulum
1601 3314 1827 3385 aliquem
1878 3315 2260 3370 declinationis.

94 3396 323 3450 Notetur
366 3402 631 3472 'temporis
692 3413 1019 3455 momentum
1069 3415 1173 3474 quo
1225 3401 1374 3456 stella
1422 3404 1727 3473 praecedens
1782 3403 1874 3456 filo
1924 3403 2258 3459 transversali

92 3488 321 3540 occurrit
355 3488 412 3541 in
446 3504 516 3544 m.
596 3491 845 3544 Similiter
881 3493 1100 3545 immoto
1134 3492 1418 3562 telescopio
1445 3494 1749 3544 observetur
1775 3503 1979 3563 tempus
2007 3496 2258 3565 appulsus

94 3577 304 3632 alterius
347 3598 438 3631 seu
480 3583 738 3652 sequentis
779 3584 962 3636 sideris
1009 3581 1077 3636 ad
1115 3584 1255 3636 idem
1294 3584 1441 3635 filum
1480 3586 1822 3640 transversale
1867 3606 1957 3640 seu
2003 3589 2259 3642 circulum

97 3667 470 3732 declinationis,
521 3681 574 3723 et
615 3673 660 3725 si
705 3672 902 3725 interea
946 3674 1094 3725 filum
1138 3673 1445 3742 parallelum
1492 3674 1683 3727 mobile
1729 3674 1764 3726 h
1812 3676 1877 3740 L,
1925 3677 2083 3749 sideri
2137 3677 2259 3730 huic

101 3768 321 3826 aptetur,
363 3760 583 3813 immoto
621 3773 864 3814 manente
902 3763 1235 3814 micromctro
1273 3781 1373 3832 ope
1411 3762 1670 3816 distantiae
1695 3782 1749 3817 m
1774 3783 1827 3831 Χ,
1855 3765 2062 3819 filorum
2091 3786 2120 3819 a
2147 3768 2182 3820 b
2207 3779 2256 3821 et
