<?xml version="1.0" encoding="UTF-8"?>
<!DOCTYPE html PUBLIC "-//W3C//DTD XHTML 1.0 Transitional//EN"
    "http://www.w3.org/TR/xhtml1/DTD/xhtml1-transitional.dtd">
<html xmlns="http://www.w3.org/1999/xhtml" xml:lang="en" lang="en">
 <head>
  <title>
</title>
<meta http-equiv="Content-Type" content="text/html;charset=utf-8" />
  <meta name='ocr-system' content='tesseract 3.04.00' />
  <meta name='ocr-capabilities' content='ocr_page ocr_carea ocr_par ocr_line ocrx_word'/>
</head>
<body>
  <div class='ocr_page' id='page_1' title='image "./philonatrualprin03newtrich_0077.png"; bbox 0 0 2528 4172; ppageno 0'>
   <div class='ocr_carea' id='block_1_1' title="bbox 0 1537 27 1802">
    <p class='ocr_par' dir='ltr' id='par_1_1' title="bbox 0 1537 27 1836">
     <span class='ocr_line' id='line_1_1' title="bbox 0 1537 27 1802; textangle 90"><span class='ocrx_word' id='word_1_1' title='bbox 0 1783 6 1802; x_wconf 78' lang='grc'><strong>-·</strong></span> <span class='ocrx_word' id='word_1_2' title='bbox 0 1537 27 1776; x_wconf 54' lang='lat' dir='ltr'><strong>«rw-mm</strong></span> 
     </span>
    </p>
   </div>
   <div class='ocr_carea' id='block_1_2' title="bbox 0 3801 18 3900">
    <p class='ocr_par' dir='ltr' id='par_1_2' title="bbox 0 3801 18 3900">
     <span class='ocr_line' id='line_1_2' title="bbox 5 3801 9 3808; baseline 0 0"><span class='ocrx_word' id='word_1_3' title='bbox 5 3801 9 3808; x_wconf 89' lang='lat'><strong>.</strong></span> 
     </span>
     <span class='ocr_line' id='line_1_3' title="bbox 0 3828 18 3900; baseline 0 0"><span class='ocrx_word' id='word_1_4' title='bbox 0 3828 18 3900; x_wconf 65' lang='grc' dir='ltr'><strong><em>ἓ</em></strong></span> 
     </span>
    </p>
   </div>
   <div class='ocr_carea' id='block_1_3' title="bbox 0 1856 25 2519">
    <p class='ocr_par' dir='ltr' id='par_1_3' title="bbox 0 1856 34 2519">
     <span class='ocr_line' id='line_1_4' title="bbox 0 1856 25 2519; textangle 90"><span class='ocrx_word' id='word_1_5' title='bbox 0 1900 25 2519; x_wconf 52' lang='lat' dir='ltr'><strong>*wwwwwnvwvwwr</strong></span> <span class='ocrx_word' id='word_1_6' title='bbox 0 1856 13 1891; x_wconf 63' lang='lat' dir='ltr'><strong>vu-</strong></span> 
     </span>
    </p>
   </div>
   <div class='ocr_carea' id='block_1_4' title="bbox 106 239 2250 313">
    <p class='ocr_par' dir='ltr' id='par_1_4' title="bbox 106 239 2250 313">
     <span class='ocr_line' id='line_1_5' title="bbox 106 239 2250 313; baseline -0.008 -9"><span class='ocrx_word' id='word_1_7' title='bbox 106 253 291 306; x_wconf 71' lang='lat' dir='ltr'><strong>mez</strong></span> <span class='ocrx_word' id='word_1_8' title='bbox 309 250 609 313; x_wconf 57' lang='lat' dir='ltr'><strong>Temnos]</strong></span> <span class='ocrx_word' id='word_1_9' title='bbox 676 245 1080 299; x_wconf 79' lang='lat' dir='ltr'><strong>PRINCIPIA</strong></span> <span class='ocrx_word' id='word_1_10' title='bbox 1121 239 1744 296; x_wconf 83' lang='lat' dir='ltr'><strong>MATHEMATICA.</strong></span> <span class='ocrx_word' id='word_1_11' title='bbox 2184 243 2250 288; x_wconf 76' lang='lat'><strong>29</strong></span> 
     </span>
    </p>
   </div>
   <div class='ocr_carea' id='block_1_5' title="bbox 105 386 2264 2353">
    <p class='ocr_par' dir='ltr' id='par_1_5' title="bbox 105 386 2256 826">
     <span class='ocr_line' id='line_1_6' title="bbox 105 386 2256 466; baseline -0.008 -19"><span class='ocrx_word' id='word_1_12' title='bbox 105 394 311 466; x_wconf 88' lang='lat' dir='ltr'><strong>pondus</strong></span> <span class='ocrx_word' id='word_1_13' title='bbox 342 394 526 445; x_wconf 81' lang='lat' dir='ltr'><strong>Lunae</strong></span> <span class='ocrx_word' id='word_1_14' title='bbox 563 391 720 444; x_wconf 81' lang='lat' dir='ltr'><strong>totius</strong></span> <span class='ocrx_word' id='word_1_15' title='bbox 757 390 812 440; x_wconf 91' lang='lat' dir='ltr'><strong>in</strong></span> <span class='ocrx_word' id='word_1_16' title='bbox 840 387 1032 457; x_wconf 84' lang='lat' dir='ltr'><strong>majori</strong></span> <span class='ocrx_word' id='word_1_17' title='bbox 1071 387 1152 437; x_wconf 84' lang='lat' dir='ltr'><strong>vel</strong></span> <span class='ocrx_word' id='word_1_18' title='bbox 1189 386 1378 437; x_wconf 84' lang='lat' dir='ltr'><strong>minorl</strong></span> <span class='ocrx_word' id='word_1_19' title='bbox 1414 386 1646 436; x_wconf 89' lang='lat' dir='ltr'><strong>ratione:</strong></span> <span class='ocrx_word' id='word_1_20' title='bbox 1689 392 1866 434; x_wconf 87' lang='lat' dir='ltr'><strong>contra</strong></span> <span class='ocrx_word' id='word_1_21' title='bbox 1906 398 2060 450; x_wconf 89' lang='lat' dir='ltr'><strong>quam</strong></span> <span class='ocrx_word' id='word_1_22' title='bbox 2100 397 2256 447; x_wconf 86' lang='lat' dir='ltr'><strong>supra</strong></span> 
     </span>
     <span class='ocr_line' id='line_1_7' title="bbox 108 495 1500 541; baseline -0.01 -3"><span class='ocrx_word' id='word_1_23' title='bbox 108 496 375 538; x_wconf 87' lang='lat' dir='ltr'><strong>ostensum</strong></span> <span class='ocrx_word' id='word_1_24' title='bbox 399 495 492 535; x_wconf 91' lang='lat' dir='ltr'><strong>est.</strong></span> <span class='ocrx_word' id='word_1_25' title='bbox 1484 527 1500 541; x_wconf 48' lang='lat'>‚</span> 
     </span>
     <span class='ocr_line' id='line_1_8' title="bbox 107 560 2256 638; baseline -0.008 -11"><span class='ocrx_word' id='word_1_26' title='bbox 107 582 130 590; x_wconf 83' lang='grc'><strong>”</strong></span> <span class='ocrx_word' id='word_1_27' title='bbox 181 572 346 627; x_wconf 83' lang='lat' dir='ltr'><strong>Corol.</strong></span> <span class='ocrx_word' id='word_1_28' title='bbox 385 578 431 625; x_wconf 84' lang='lat'><strong>1.</strong></span> <span class='ocrx_word' id='word_1_29' title='bbox 484 570 631 623; x_wconf 86' lang='lat' dir='ltr'><strong>Hinc</strong></span> <span class='ocrx_word' id='word_1_30' title='bbox 666 568 901 638; x_wconf 86' lang='lat' dir='ltr'><strong>pondera</strong></span> <span class='ocrx_word' id='word_1_31' title='bbox 938 586 1217 636; x_wconf 89' lang='lat' dir='ltr'><strong>corporum</strong></span> <span class='ocrx_word' id='word_1_32' title='bbox 1255 585 1361 616; x_wconf 89' lang='lat' dir='ltr'><strong>non</strong></span> <span class='ocrx_word' id='word_1_33' title='bbox 1397 565 1629 634; x_wconf 88' lang='lat' dir='ltr'><strong>pendent</strong></span> <span class='ocrx_word' id='word_1_34' title='bbox 1666 564 1731 615; x_wconf 87' lang='lat' dir='ltr'><strong>ab</strong></span> <span class='ocrx_word' id='word_1_35' title='bbox 1770 581 1950 614; x_wconf 88' lang='lat' dir='ltr'><strong>eorum</strong></span> <span class='ocrx_word' id='word_1_36' title='bbox 1988 560 2165 612; x_wconf 86' lang='lat' dir='ltr'><strong>formis</strong></span> <span class='ocrx_word' id='word_1_37' title='bbox 2205 568 2256 609; x_wconf 85' lang='lat' dir='ltr'><strong>et</strong></span> 
     </span>
     <span class='ocr_line' id='line_1_9' title="bbox 105 649 2254 723; baseline -0.008 -6"><span class='ocrx_word' id='word_1_38' title='bbox 105 664 342 717; x_wconf 85' lang='lat' dir='ltr'><strong>texturis.</strong></span> <span class='ocrx_word' id='word_1_39' title='bbox 420 661 559 712; x_wconf 88' lang='lat' dir='ltr'><strong>Nam</strong></span> <span class='ocrx_word' id='word_1_40' title='bbox 585 660 628 711; x_wconf 89' lang='lat' dir='ltr'><strong>si</strong></span> <span class='ocrx_word' id='word_1_41' title='bbox 667 677 786 711; x_wconf 90' lang='lat' dir='ltr'><strong>cum</strong></span> <span class='ocrx_word' id='word_1_42' title='bbox 823 657 1001 709; x_wconf 85' lang='lat' dir='ltr'><strong>formis</strong></span> <span class='ocrx_word' id='word_1_43' title='bbox 1027 657 1214 707; x_wconf 87' lang='lat' dir='ltr'><strong>variari</strong></span> <span class='ocrx_word' id='word_1_44' title='bbox 1250 666 1477 723; x_wconf 78' lang='lat' dir='ltr'>possent,</span> <span class='ocrx_word' id='word_1_45' title='bbox 1506 653 1677 704; x_wconf 86' lang='lat' dir='ltr'><strong>forent</strong></span> <span class='ocrx_word' id='word_1_46' title='bbox 1701 654 1896 721; x_wconf 84' lang='lat' dir='ltr'><strong>majora</strong></span> <span class='ocrx_word' id='word_1_47' title='bbox 1923 651 2004 702; x_wconf 92' lang='lat' dir='ltr'><strong>vel</strong></span> <span class='ocrx_word' id='word_1_48' title='bbox 2034 649 2254 709; x_wconf 83' lang='lat' dir='ltr'><strong>minora,</strong></span> 
     </span>
     <span class='ocr_line' id='line_1_10' title="bbox 108 744 2231 826; baseline -0.007 -19"><span class='ocrx_word' id='word_1_49' title='bbox 108 774 207 826; x_wconf 88' lang='lat' dir='ltr'><strong>pro</strong></span> <span class='ocrx_word' id='word_1_50' title='bbox 230 753 477 806; x_wconf 88' lang='lat' dir='ltr'><strong>varietate</strong></span> <span class='ocrx_word' id='word_1_51' title='bbox 501 751 802 813; x_wconf 85' lang='lat' dir='ltr'><strong>formarum,</strong></span> <span class='ocrx_word' id='word_1_52' title='bbox 832 751 887 801; x_wconf 89' lang='lat' dir='ltr'><strong>in</strong></span> <span class='ocrx_word' id='word_1_53' title='bbox 912 749 1100 819; x_wconf 78' lang='lat' dir='ltr'><strong>aequali</strong></span> <span class='ocrx_word' id='word_1_54' title='bbox 1126 747 1370 800; x_wconf 66' lang='lat' dir='ltr'><strong>materia:</strong></span> <span class='ocrx_word' id='word_1_55' title='bbox 1400 747 1613 798; x_wconf 89' lang='lat' dir='ltr'><strong>omnino</strong></span> <span class='ocrx_word' id='word_1_56' title='bbox 1640 756 1818 797; x_wconf 89' lang='lat' dir='ltr'><strong>contra</strong></span> <span class='ocrx_word' id='word_1_57' title='bbox 1843 744 2231 814; x_wconf 81' lang='lat' dir='ltr'><strong>experientiam.</strong></span> 
     </span>
    </p>

    <p class='ocr_par' dir='ltr' id='par_1_6' title="bbox 106 830 2263 2084">
     <span class='ocr_line' id='line_1_11' title="bbox 182 830 2255 908; baseline -0.008 -13"><span class='ocrx_word' id='word_1_58' title='bbox 182 844 344 897; x_wconf 78' lang='lat' dir='ltr'><strong>Corol.</strong></span> <span class='ocrx_word' id='word_1_59' title='bbox 385 847 435 893; x_wconf 77' lang='lat'><strong>2.</strong></span> <span class='ocrx_word' id='word_1_60' title='bbox 491 840 728 908; x_wconf 86' lang='lat' dir='ltr'>Corpora</span> <span class='ocrx_word' id='word_1_61' title='bbox 764 838 1019 900; x_wconf 90' lang='lat' dir='ltr'><strong>universa,</strong></span> <span class='ocrx_word' id='word_1_62' title='bbox 1061 855 1177 907; x_wconf 87' lang='lat' dir='ltr'><strong>quae</strong></span> <span class='ocrx_word' id='word_1_63' title='bbox 1216 836 1352 888; x_wconf 87' lang='lat' dir='ltr'><strong>circa</strong></span> <span class='ocrx_word' id='word_1_64' title='bbox 1391 834 1612 887; x_wconf 78' lang='lat' dir='ltr'><strong>Teriam</strong></span> <span class='ocrx_word' id='word_1_65' title='bbox 1654 843 1789 895; x_wconf 90' lang='lat' dir='ltr'><strong>sunt,</strong></span> <span class='ocrx_word' id='word_1_66' title='bbox 1829 833 2006 903; x_wconf 82' lang='lat' dir='ltr'><strong>gravia</strong></span> <span class='ocrx_word' id='word_1_67' title='bbox 2045 841 2166 883; x_wconf 85' lang='lat' dir='ltr'><strong>sunt</strong></span> <span class='ocrx_word' id='word_1_68' title='bbox 2203 830 2255 879; x_wconf 88' lang='lat' dir='ltr'><strong>in</strong></span> 
     </span>
     <span class='ocr_line' id='line_1_12' title="bbox 110 921 2254 999; baseline -0.007 -15"><span class='ocrx_word' id='word_1_69' title='bbox 110 932 332 985; x_wconf 83' lang='lat' dir='ltr'><strong>Terram</strong></span> <span class='ocrx_word' id='word_1_70' title='bbox 350 951 364 994; x_wconf 91' lang='lat'>;</span> <span class='ocrx_word' id='word_1_71' title='bbox 417 939 468 982; x_wconf 85' lang='lat' dir='ltr'><strong>et</strong></span> <span class='ocrx_word' id='word_1_72' title='bbox 512 928 747 999; x_wconf 88' lang='lat' dir='ltr'><strong>pondera</strong></span> <span class='ocrx_word' id='word_1_73' title='bbox 783 927 1033 990; x_wconf 87' lang='lat' dir='ltr'><strong>omnium,</strong></span> <span class='ocrx_word' id='word_1_74' title='bbox 1087 944 1203 996; x_wconf 87' lang='lat' dir='ltr'><strong>quae</strong></span> <span class='ocrx_word' id='word_1_75' title='bbox 1240 924 1506 994; x_wconf 76' lang='lat' dir='ltr'><strong>aequaliter</strong></span> <span class='ocrx_word' id='word_1_76' title='bbox 1542 943 1573 974; x_wconf 91' lang='lat' dir='ltr'><strong>a</strong></span> <span class='ocrx_word' id='word_1_77' title='bbox 1609 932 1787 973; x_wconf 84' lang='lat' dir='ltr'><strong>centro</strong></span> <span class='ocrx_word' id='word_1_78' title='bbox 1825 921 2254 982; x_wconf 47' lang='lat' dir='ltr'><strong>&#39;1*errae,distant,</strong></span> 
     </span>
     <span class='ocr_line' id='line_1_13' title="bbox 109 1010 2257 1090; baseline -0.007 -16"><span class='ocrx_word' id='word_1_79' title='bbox 109 1030 230 1074; x_wconf 87' lang='lat' dir='ltr'><strong>sunt</strong></span> <span class='ocrx_word' id='word_1_80' title='bbox 271 1029 330 1071; x_wconf 90' lang='lat' dir='ltr'><strong>ut</strong></span> <span class='ocrx_word' id='word_1_81' title='bbox 368 1019 679 1090; x_wconf 82' lang='lat' dir='ltr'><strong>quantitates</strong></span> <span class='ocrx_word' id='word_1_82' title='bbox 722 1017 953 1069; x_wconf 85' lang='lat' dir='ltr'><strong>materiae</strong></span> <span class='ocrx_word' id='word_1_83' title='bbox 995 1016 1051 1067; x_wconf 92' lang='lat' dir='ltr'><strong>in</strong></span> <span class='ocrx_word' id='word_1_84' title='bbox 1094 1014 1291 1067; x_wconf 90' lang='lat' dir='ltr'><strong>iisdem.</strong></span> <span class='ocrx_word' id='word_1_85' title='bbox 1370 1013 1509 1065; x_wconf 84' lang='lat' dir='ltr'><strong>Haec</strong></span> <span class='ocrx_word' id='word_1_86' title='bbox 1552 1022 1630 1064; x_wconf 92' lang='lat' dir='ltr'><strong>est</strong></span> <span class='ocrx_word' id='word_1_87' title='bbox 1672 1011 1889 1082; x_wconf 82' lang='lat' dir='ltr'><strong>qualitas</strong></span> <span class='ocrx_word' id='word_1_88' title='bbox 1934 1011 2166 1062; x_wconf 89' lang='lat' dir='ltr'><strong>omnium</strong></span> <span class='ocrx_word' id='word_1_89' title='bbox 2203 1010 2257 1059; x_wconf 90' lang='lat' dir='ltr'><strong>in</strong></span> 
     </span>
     <span class='ocr_line' id='line_1_14' title="bbox 109 1101 2256 1185; baseline -0.008 -18"><span class='ocrx_word' id='word_1_90' title='bbox 109 1115 294 1185; x_wconf 89' lang='lat' dir='ltr'><strong>quibus</strong></span> <span class='ocrx_word' id='word_1_91' title='bbox 334 1113 693 1183; x_wconf 86' lang='lat' dir='ltr'><strong>experimenta</strong></span> <span class='ocrx_word' id='word_1_92' title='bbox 728 1110 996 1162; x_wconf 90' lang='lat' dir='ltr'><strong>instituere</strong></span> <span class='ocrx_word' id='word_1_93' title='bbox 1032 1108 1168 1170; x_wconf 90' lang='lat' dir='ltr'><strong>licet,</strong></span> <span class='ocrx_word' id='word_1_94' title='bbox 1216 1117 1266 1159; x_wconf 86' lang='lat' dir='ltr'><strong>et</strong></span> <span class='ocrx_word' id='word_1_95' title='bbox 1304 1114 1582 1175; x_wconf 87' lang='lat' dir='ltr'><strong>propterea</strong></span> <span class='ocrx_word' id='word_1_96' title='bbox 1621 1122 1716 1172; x_wconf 92' lang='lat' dir='ltr'><strong>per</strong></span> <span class='ocrx_word' id='word_1_97' title='bbox 1763 1103 1896 1173; x_wconf 84' lang='lat' dir='ltr'><strong>Reg.</strong></span> <span class='ocrx_word' id='word_1_98' title='bbox 1940 1111 1986 1153; x_wconf 81' lang='lat'><strong>3.</strong></span> <span class='ocrx_word' id='word_1_99' title='bbox 2034 1102 2099 1153; x_wconf 88' lang='lat' dir='ltr'><strong>de</strong></span> <span class='ocrx_word' id='word_1_100' title='bbox 2142 1101 2256 1152; x_wconf 90' lang='lat' dir='ltr'><strong>uni-</strong></span> 
     </span>
     <span class='ocr_line' id='line_1_15' title="bbox 107 1190 2258 1263; baseline -0.008 -7"><span class='ocrx_word' id='word_1_101' title='bbox 107 1203 267 1256; x_wconf 89' lang='lat' dir='ltr'><strong>versis</strong></span> <span class='ocrx_word' id='word_1_102' title='bbox 305 1201 610 1255; x_wconf 89' lang='lat' dir='ltr'><strong>affirmanda</strong></span> <span class='ocrx_word' id='word_1_103' title='bbox 645 1210 737 1252; x_wconf 91' lang='lat' dir='ltr'><strong>est.</strong></span> <span class='ocrx_word' id='word_1_104' title='bbox 817 1199 874 1251; x_wconf 84' lang='lat' dir='ltr'><strong>Si</strong></span> <span class='ocrx_word' id='word_1_105' title='bbox 912 1198 1075 1249; x_wconf 83' lang='lat' dir='ltr'><strong>aether</strong></span> <span class='ocrx_word' id='word_1_106' title='bbox 1108 1207 1198 1248; x_wconf 89' lang='lat' dir='ltr'><strong>aut</strong></span> <span class='ocrx_word' id='word_1_107' title='bbox 1231 1214 1419 1263; x_wconf 88' lang='lat' dir='ltr'><strong>corpus</strong></span> <span class='ocrx_word' id='word_1_108' title='bbox 1445 1193 1587 1246; x_wconf 87' lang='lat' dir='ltr'><strong>aliud</strong></span> <span class='ocrx_word' id='word_1_109' title='bbox 1613 1192 1956 1263; x_wconf 89' lang='lat' dir='ltr'><strong>quodcunque</strong></span> <span class='ocrx_word' id='word_1_110' title='bbox 1982 1191 2063 1242; x_wconf 81' lang='lat' dir='ltr'><strong>vel</strong></span> <span class='ocrx_word' id='word_1_111' title='bbox 2088 1190 2258 1261; x_wconf 84' lang='lat' dir='ltr'><strong>gravi-</strong></span> 
     </span>
     <span class='ocr_line' id='line_1_16' title="bbox 107 1276 2259 1360; baseline -0.006 -12"><span class='ocrx_word' id='word_1_112' title='bbox 107 1304 212 1347; x_wconf 87' lang='lat' dir='ltr'><strong>tate</strong></span> <span class='ocrx_word' id='word_1_113' title='bbox 238 1294 451 1347; x_wconf 77' lang='lat' dir='ltr'><strong>omnino</strong></span> <span class='ocrx_word' id='word_1_114' title='bbox 476 1276 858 1354; x_wconf 77' lang='lat' dir='ltr'><strong>destitueretur,</strong></span> <span class='ocrx_word' id='word_1_115' title='bbox 899 1291 980 1342; x_wconf 89' lang='lat' dir='ltr'><strong>vel</strong></span> <span class='ocrx_word' id='word_1_116' title='bbox 1014 1309 1113 1359; x_wconf 88' lang='lat' dir='ltr'><strong>pro</strong></span> <span class='ocrx_word' id='word_1_117' title='bbox 1138 1289 1422 1360; x_wconf 88' lang='lat' dir='ltr'><strong>quantitate</strong></span> <span class='ocrx_word' id='word_1_118' title='bbox 1447 1287 1678 1339; x_wconf 84' lang='lat' dir='ltr'><strong>mater-iae</strong></span> <span class='ocrx_word' id='word_1_119' title='bbox 1705 1305 1812 1337; x_wconf 84' lang='lat' dir='ltr'><strong>suae</strong></span> <span class='ocrx_word' id='word_1_120' title='bbox 1839 1285 2008 1336; x_wconf 82' lang='lat' dir='ltr'><strong>minus</strong></span> <span class='ocrx_word' id='word_1_121' title='bbox 2035 1285 2259 1355; x_wconf 82' lang='lat' dir='ltr'><strong>gravita-</strong></span> 
     </span>
     <span class='ocr_line' id='line_1_17' title="bbox 107 1377 2259 1458; baseline -0.004 -21"><span class='ocrx_word' id='word_1_122' title='bbox 107 1397 215 1439; x_wconf 85' lang='lat' dir='ltr'><strong>ret:</strong></span> <span class='ocrx_word' id='word_1_123' title='bbox 255 1388 501 1458; x_wconf 87' lang='lat' dir='ltr'><strong>quoniam</strong></span> <span class='ocrx_word' id='word_1_124' title='bbox 526 1386 580 1437; x_wconf 90' lang='lat' dir='ltr'><strong>id</strong></span> <span class='ocrx_word' id='word_1_125' title='bbox 608 1390 695 1454; x_wconf 88' lang='lat' dir='ltr'><strong>(ex</strong></span> <span class='ocrx_word' id='word_1_126' title='bbox 721 1395 894 1436; x_wconf 88' lang='lat' dir='ltr'><strong>mente</strong></span> <span class='ocrx_word' id='word_1_127' title='bbox 920 1383 1232 1446; x_wconf 90' lang='lat' dir='ltr'><strong>Aristotelis,</strong></span> <span class='ocrx_word' id='word_1_128' title='bbox 1265 1381 1485 1434; x_wconf 89' lang='lat' dir='ltr'><strong>Cartesii</strong></span> <span class='ocrx_word' id='word_1_129' title='bbox 1510 1390 1560 1432; x_wconf 90' lang='lat' dir='ltr'><strong>et</strong></span> <span class='ocrx_word' id='word_1_130' title='bbox 1585 1379 1827 1444; x_wconf 88' lang='lat' dir='ltr'><strong>aliorum)</strong></span> <span class='ocrx_word' id='word_1_131' title='bbox 1860 1397 1966 1429; x_wconf 91' lang='lat' dir='ltr'><strong>non</strong></span> <span class='ocrx_word' id='word_1_132' title='bbox 1993 1378 2168 1429; x_wconf 84' lang='lat' dir='ltr'><strong>differt</strong></span> <span class='ocrx_word' id='word_1_133' title='bbox 2193 1377 2259 1428; x_wconf 92' lang='lat' dir='ltr'><strong>ab</strong></span> 
     </span>
     <span class='ocr_line' id='line_1_18' title="bbox 106 1466 2260 1545; baseline -0.006 -17"><span class='ocrx_word' id='word_1_134' title='bbox 106 1477 219 1528; x_wconf 89' lang='lat' dir='ltr'><strong>aliis</strong></span> <span class='ocrx_word' id='word_1_135' title='bbox 245 1475 549 1545; x_wconf 87' lang='lat' dir='ltr'><strong>corporibus</strong></span> <span class='ocrx_word' id='word_1_136' title='bbox 576 1474 676 1526; x_wconf 90' lang='lat' dir='ltr'><strong>nisi</strong></span> <span class='ocrx_word' id='word_1_137' title='bbox 700 1474 756 1524; x_wconf 93' lang='lat' dir='ltr'><strong>in</strong></span> <span class='ocrx_word' id='word_1_138' title='bbox 780 1470 945 1525; x_wconf 67' lang='lat' dir='ltr'><strong>forma</strong></span> <span class='ocrx_word' id='word_1_139' title='bbox 971 1471 1216 1534; x_wconf 81' lang='lat' dir='ltr'><strong>materiae,</strong></span> <span class='ocrx_word' id='word_1_140' title='bbox 1245 1481 1421 1539; x_wconf 91' lang='lat' dir='ltr'><strong>posset</strong></span> <span class='ocrx_word' id='word_1_141' title='bbox 1446 1469 1582 1520; x_wconf 92' lang='lat' dir='ltr'><strong>idem</strong></span> <span class='ocrx_word' id='word_1_142' title='bbox 1609 1487 1704 1537; x_wconf 91' lang='lat' dir='ltr'><strong>per</strong></span> <span class='ocrx_word' id='word_1_143' title='bbox 1722 1468 2060 1519; x_wconf 86' lang='lat' dir='ltr'><strong>mutationem</strong></span> <span class='ocrx_word' id='word_1_144' title='bbox 2079 1466 2260 1518; x_wconf 86' lang='lat' dir='ltr'><strong>formae</strong></span> 
     </span>
     <span class='ocr_line' id='line_1_19' title="bbox 107 1557 2262 1637; baseline -0.005 -22"><span class='ocrx_word' id='word_1_145' title='bbox 107 1564 369 1637; x_wconf 86' lang='lat' dir='ltr'><strong>gradatim</strong></span> <span class='ocrx_word' id='word_1_146' title='bbox 408 1563 743 1615; x_wconf 87' lang='lat' dir='ltr'><strong>transmutari</strong></span> <span class='ocrx_word' id='word_1_147' title='bbox 779 1562 834 1612; x_wconf 91' lang='lat' dir='ltr'><strong>in</strong></span> <span class='ocrx_word' id='word_1_148' title='bbox 872 1579 1059 1628; x_wconf 91' lang='lat' dir='ltr'><strong>corpus</strong></span> <span class='ocrx_word' id='word_1_149' title='bbox 1097 1559 1327 1631; x_wconf 88' lang='lat' dir='ltr'><strong>ejusdem</strong></span> <span class='ocrx_word' id='word_1_150' title='bbox 1364 1558 1675 1611; x_wconf 87' lang='lat' dir='ltr'><strong>conditionis</strong></span> <span class='ocrx_word' id='word_1_151' title='bbox 1714 1575 1832 1607; x_wconf 90' lang='lat' dir='ltr'><strong>cum</strong></span> <span class='ocrx_word' id='word_1_152' title='bbox 1875 1557 1953 1618; x_wconf 89' lang='lat' dir='ltr'><strong>iis,</strong></span> <span class='ocrx_word' id='word_1_153' title='bbox 2011 1574 2128 1625; x_wconf 84' lang='lat' dir='ltr'><strong>quae</strong></span> <span class='ocrx_word' id='word_1_154' title='bbox 2163 1573 2262 1624; x_wconf 87' lang='lat' dir='ltr'><strong>pro</strong></span> 
     </span>
     <span class='ocr_line' id='line_1_20' title="bbox 113 1645 2262 1725; baseline -0.005 -20"><span class='ocrx_word' id='word_1_155' title='bbox 113 1653 398 1725; x_wconf 86' lang='lat' dir='ltr'><strong>quantitate</strong></span> <span class='ocrx_word' id='word_1_156' title='bbox 435 1652 664 1704; x_wconf 80' lang='lat' dir='ltr'><strong>materiae</strong></span> <span class='ocrx_word' id='word_1_157' title='bbox 702 1670 858 1721; x_wconf 88' lang='lat' dir='ltr'><strong>quam</strong></span> <span class='ocrx_word' id='word_1_158' title='bbox 895 1649 1121 1703; x_wconf 73' lang='lat' dir='ltr'><strong>maxime</strong></span> <span class='ocrx_word' id='word_1_159' title='bbox 1147 1651 1420 1721; x_wconf 85' lang='lat' dir='ltr'><strong>gravitant,</strong></span> <span class='ocrx_word' id='word_1_160' title='bbox 1461 1659 1512 1700; x_wconf 90' lang='lat' dir='ltr'><strong>et</strong></span> <span class='ocrx_word' id='word_1_161' title='bbox 1542 1648 1764 1699; x_wconf 87' lang='lat' dir='ltr'><strong>vicissim</strong></span> <span class='ocrx_word' id='word_1_162' title='bbox 1791 1665 2010 1715; x_wconf 85' lang='lat' dir='ltr'><strong>corpora</strong></span> <span class='ocrx_word' id='word_1_163' title='bbox 2035 1645 2262 1697; x_wconf 73' lang='lat' dir='ltr'><strong>maxime</strong></span> 
     </span>
     <span class='ocr_line' id='line_1_21' title="bbox 106 1739 2262 1816; baseline -0.004 -21"><span class='ocrx_word' id='word_1_164' title='bbox 106 1743 307 1816; x_wconf 85' lang='lat' dir='ltr'><strong>gravia,</strong></span> <span class='ocrx_word' id='word_1_165' title='bbox 346 1742 569 1793; x_wconf 88' lang='lat' dir='ltr'><strong>sormam</strong></span> <span class='ocrx_word' id='word_1_166' title='bbox 605 1741 742 1810; x_wconf 84' lang='lat' dir='ltr'><strong>illius</strong></span> <span class='ocrx_word' id='word_1_167' title='bbox 779 1741 1037 1813; x_wconf 80' lang='lat' dir='ltr'><strong>gradatim</strong></span> <span class='ocrx_word' id='word_1_168' title='bbox 1075 1741 1355 1803; x_wconf 86' lang='lat' dir='ltr'><strong>induendo,</strong></span> <span class='ocrx_word' id='word_1_169' title='bbox 1395 1749 1604 1808; x_wconf 84' lang='lat' dir='ltr'><strong>possent</strong></span> <span class='ocrx_word' id='word_1_170' title='bbox 1641 1739 1946 1810; x_wconf 83' lang='lat' dir='ltr'><strong>gravitatem</strong></span> <span class='ocrx_word' id='word_1_171' title='bbox 1974 1756 2117 1789; x_wconf 86' lang='lat' dir='ltr'><strong>suam</strong></span> <span class='ocrx_word' id='word_1_172' title='bbox 2143 1755 2262 1807; x_wconf 84' lang='lat' dir='ltr'><strong>gra-</strong></span> 
     </span>
     <span class='ocr_line' id='line_1_22' title="bbox 107 1831 2263 1903; baseline -0.003 -15"><span class='ocrx_word' id='word_1_173' title='bbox 107 1834 270 1888; x_wconf 87' lang='lat' dir='ltr'><strong>datim</strong></span> <span class='ocrx_word' id='word_1_174' title='bbox 295 1834 546 1887; x_wconf 88' lang='lat' dir='ltr'><strong>amittere.</strong></span> <span class='ocrx_word' id='word_1_175' title='bbox 567 1884 572 1889; x_wconf 86' lang='grc'>,</span> <span class='ocrx_word' id='word_1_176' title='bbox 622 1834 704 1886; x_wconf 73' lang='lat' dir='ltr'><strong>Ac‘</strong></span> <span class='ocrx_word' id='word_1_177' title='bbox 727 1833 949 1903; x_wconf 90' lang='lat' dir='ltr'><strong>proinde</strong></span> <span class='ocrx_word' id='word_1_178' title='bbox 976 1834 1211 1903; x_wconf 87' lang='lat' dir='ltr'><strong>pondera</strong></span> <span class='ocrx_word' id='word_1_179' title='bbox 1234 1834 1521 1902; x_wconf 76' lang='lat' dir='ltr'><strong>pendere-nt</strong></span> <span class='ocrx_word' id='word_1_180' title='bbox 1547 1852 1578 1884; x_wconf 91' lang='lat' dir='ltr'><strong>a</strong></span> <span class='ocrx_word' id='word_1_181' title='bbox 1603 1831 1779 1883; x_wconf 87' lang='lat' dir='ltr'><strong>formis</strong></span> <span class='ocrx_word' id='word_1_182' title='bbox 1806 1850 1985 1899; x_wconf 80' lang='lat' dir='ltr'><strong>corpm</strong></span> <span class='ocrx_word' id='word_1_183' title='bbox 1996 1849 2101 1894; x_wconf 87' lang='lat' dir='ltr'><strong>um,</strong></span> <span class='ocrx_word' id='word_1_184' title='bbox 2141 1849 2263 1899; x_wconf 92' lang='lat' dir='ltr'><strong>pos-</strong></span> 
     </span>
     <span class='ocr_line' id='line_1_23' title="bbox 109 1922 2263 1997; baseline -0.002 -19"><span class='ocrx_word' id='word_1_185' title='bbox 109 1936 324 1997; x_wconf 88' lang='lat' dir='ltr'><strong>sentque</strong></span> <span class='ocrx_word' id='word_1_186' title='bbox 369 1943 488 1992; x_wconf 85' lang='lat' dir='ltr'><strong>cum</strong></span> <span class='ocrx_word' id='word_1_187' title='bbox 531 1923 710 1980; x_wconf 86' lang='lat' dir='ltr'><strong>formis</strong></span> <span class='ocrx_word' id='word_1_188' title='bbox 750 1925 955 1988; x_wconf 82' lang='lat' dir='ltr'><strong>variari,</strong></span> <span class='ocrx_word' id='word_1_189' title='bbox 1005 1934 1186 1976; x_wconf 89' lang='lat' dir='ltr'><strong>contra</strong></span> <span class='ocrx_word' id='word_1_190' title='bbox 1229 1944 1383 1995; x_wconf 86' lang='lat' dir='ltr'><strong>quam</strong></span> <span class='ocrx_word' id='word_1_191' title='bbox 1427 1925 1704 1993; x_wconf 90' lang='lat' dir='ltr'><strong>probatum</strong></span> <span class='ocrx_word' id='word_1_192' title='bbox 1748 1932 1823 1975; x_wconf 87' lang='lat' dir='ltr'><strong>est</strong></span> <span class='ocrx_word' id='word_1_193' title='bbox 1870 1922 1925 1973; x_wconf 90' lang='lat' dir='ltr'><strong>in</strong></span> <span class='ocrx_word' id='word_1_194' title='bbox 1972 1923 2263 1975; x_wconf 88' lang='lat' dir='ltr'><strong>Corollario</strong></span> 
     </span>
     <span class='ocr_line' id='line_1_24' title="bbox 110 2014 394 2084; baseline -0.007 -17"><span class='ocrx_word' id='word_1_195' title='bbox 110 2014 394 2084; x_wconf 86' lang='lat' dir='ltr'><strong>superiore.</strong></span> 
     </span>
    </p>

    <p class='ocr_par' dir='ltr' id='par_1_7' title="bbox 108 2105 2264 2353">
     <span class='ocr_line' id='line_1_25' title="bbox 185 2105 2263 2176; baseline -0.001 -19"><span class='ocrx_word' id='word_1_196' title='bbox 185 2108 350 2158; x_wconf 84' lang='lat' dir='ltr'><strong>Corol.</strong></span> <span class='ocrx_word' id='word_1_197' title='bbox 380 2112 428 2157; x_wconf 82' lang='lat'><strong>3.</strong></span> <span class='ocrx_word' id='word_1_198' title='bbox 472 2105 649 2173; x_wconf 85' lang='lat' dir='ltr'><strong>Spatia</strong></span> <span class='ocrx_word' id='word_1_199' title='bbox 675 2106 849 2156; x_wconf 85' lang='lat' dir='ltr'><strong>omnia</strong></span> <span class='ocrx_word' id='word_1_200' title='bbox 874 2124 982 2156; x_wconf 93' lang='lat' dir='ltr'><strong>non</strong></span> <span class='ocrx_word' id='word_1_201' title='bbox 1008 2115 1128 2158; x_wconf 90' lang='lat' dir='ltr'><strong>sunt</strong></span> <span class='ocrx_word' id='word_1_202' title='bbox 1153 2106 1420 2176; x_wconf 84' lang='lat' dir='ltr'><strong>aequaliter</strong></span> <span class='ocrx_word' id='word_1_203' title='bbox 1444 2106 1612 2174; x_wconf 86' lang='lat' dir='ltr'><strong>plena.</strong></span> <span class='ocrx_word' id='word_1_204' title='bbox 1680 2105 1819 2157; x_wconf 86' lang='lat' dir='ltr'><strong>Nam</strong></span> <span class='ocrx_word' id='word_1_205' title='bbox 1839 2107 1880 2157; x_wconf 88' lang='lat' dir='ltr'><strong>si</strong></span> <span class='ocrx_word' id='word_1_206' title='bbox 1907 2106 2070 2175; x_wconf 88' lang='lat' dir='ltr'><strong>spatia</strong></span> <span class='ocrx_word' id='word_1_207' title='bbox 2090 2105 2263 2156; x_wconf 84' lang='lat' dir='ltr'><strong>omnia</strong></span> 
     </span>
     <span class='ocr_line' id='line_1_26' title="bbox 108 2193 2258 2265; baseline -0.001 -20"><span class='ocrx_word' id='word_1_208' title='bbox 108 2194 376 2264; x_wconf 79' lang='lat' dir='ltr'><strong>aequaliter</strong></span> <span class='ocrx_word' id='word_1_209' title='bbox 399 2193 553 2262; x_wconf 90' lang='lat' dir='ltr'><strong>plena</strong></span> <span class='ocrx_word' id='word_1_210' title='bbox 578 2203 762 2256; x_wconf 85' lang='lat' dir='ltr'><strong>essent,</strong></span> <span class='ocrx_word' id='word_1_211' title='bbox 791 2194 1014 2264; x_wconf 85' lang='lat' dir='ltr'><strong>gravitas</strong></span> <span class='ocrx_word' id='word_1_212' title='bbox 1043 2195 1285 2264; x_wconf 86' lang='lat' dir='ltr'><strong>specifica</strong></span> <span class='ocrx_word' id='word_1_213' title='bbox 1309 2195 1455 2246; x_wconf 90' lang='lat' dir='ltr'><strong>fluidi</strong></span> <span class='ocrx_word' id='word_1_214' title='bbox 1482 2213 1585 2264; x_wconf 91' lang='lat' dir='ltr'><strong>quo</strong></span> <span class='ocrx_word' id='word_1_215' title='bbox 1612 2194 1757 2265; x_wconf 85' lang='lat' dir='ltr'><strong>regio</strong></span> <span class='ocrx_word' id='word_1_216' title='bbox 1776 2196 1912 2246; x_wconf 81' lang='lat' dir='ltr'><strong>ae&#39;ris</strong></span> <span class='ocrx_word' id='word_1_217' title='bbox 1938 2195 2258 2263; x_wconf 85' lang='lat' dir='ltr'><strong>impleretur,</strong></span> 
     </span>
     <span class='ocr_line' id='line_1_27' title="bbox 110 2281 2264 2353; baseline -0.002 -17"><span class='ocrx_word' id='word_1_218' title='bbox 110 2285 179 2336; x_wconf 93' lang='lat' dir='ltr'><strong>ob</strong></span> <span class='ocrx_word' id='word_1_219' title='bbox 219 2300 473 2335; x_wconf 88' lang='lat' dir='ltr'><strong>summam</strong></span> <span class='ocrx_word' id='word_1_220' title='bbox 511 2281 819 2333; x_wconf 84' lang='lat' dir='ltr'><strong>densitatem</strong></span> <span class='ocrx_word' id='word_1_221' title='bbox 855 2284 1101 2346; x_wconf 81' lang='lat' dir='ltr'><strong>materiae,</strong></span> <span class='ocrx_word' id='word_1_222' title='bbox 1142 2283 1216 2334; x_wconf 89' lang='lat' dir='ltr'><strong>nil</strong></span> <span class='ocrx_word' id='word_1_223' title='bbox 1255 2283 1460 2334; x_wconf 88' lang='lat' dir='ltr'><strong>cederet</strong></span> <span class='ocrx_word' id='word_1_224' title='bbox 1496 2282 1735 2353; x_wconf 85' lang='lat' dir='ltr'><strong>gravitati</strong></span> <span class='ocrx_word' id='word_1_225' title='bbox 1770 2284 2026 2351; x_wconf 83' lang='lat' dir='ltr'><strong>specificae</strong></span> <span class='ocrx_word' id='word_1_226' title='bbox 2064 2283 2264 2353; x_wconf 79' lang='lat' dir='ltr'><strong>argenti</strong></span> 
     </span>
    </p>
   </div>
   <div class='ocr_carea' id='block_1_6' title="bbox 54 2370 2266 2442">
    <p class='ocr_par' dir='ltr' id='par_1_8' title="bbox 54 2370 2266 2442">
     <span class='ocr_line' id='line_1_28' title="bbox 54 2370 2266 2442; baseline -0.002 -16"><span class='ocrx_word' id='word_1_227' title='bbox 54 2382 59 2385; x_wconf 83' lang='grc'><strong>’</strong></span> <span class='ocrx_word' id='word_1_228' title='bbox 110 2374 230 2437; x_wconf 89' lang='lat' dir='ltr'><strong>vivi,</strong></span> <span class='ocrx_word' id='word_1_229' title='bbox 259 2372 341 2425; x_wconf 88' lang='lat' dir='ltr'><strong>vel</strong></span> <span class='ocrx_word' id='word_1_230' title='bbox 377 2371 506 2435; x_wconf 91' lang='lat' dir='ltr'><strong>auri,</strong></span> <span class='ocrx_word' id='word_1_231' title='bbox 547 2372 631 2423; x_wconf 91' lang='lat' dir='ltr'><strong>vel</strong></span> <span class='ocrx_word' id='word_1_232' title='bbox 669 2373 903 2440; x_wconf 88' lang='lat' dir='ltr'><strong>corporis</strong></span> <span class='ocrx_word' id='word_1_233' title='bbox 930 2373 1139 2424; x_wconf 88' lang='lat' dir='ltr'><strong>alterius</strong></span> <span class='ocrx_word' id='word_1_234' title='bbox 1167 2374 1518 2442; x_wconf 86' lang='lat' dir='ltr'><strong>cujuscunque</strong></span> <span class='ocrx_word' id='word_1_235' title='bbox 1545 2370 1862 2433; x_wconf 87' lang='lat' dir='ltr'><strong>densissimi3</strong></span> <span class='ocrx_word' id='word_1_236' title='bbox 1903 2382 1953 2423; x_wconf 91' lang='lat' dir='ltr'><strong>et</strong></span> <span class='ocrx_word' id='word_1_237' title='bbox 1988 2382 2266 2440; x_wconf 86' lang='lat' dir='ltr'><strong>propterea</strong></span> 
     </span>
    </p>
   </div>
   <div class='ocr_carea' id='block_1_7' title="bbox 113 2463 2264 2894">
    <p class='ocr_par' dir='ltr' id='par_1_9' title="bbox 113 2463 2264 2804">
     <span class='ocr_line' id='line_1_29' title="bbox 116 2463 2264 2534; baseline 0 -20"><span class='ocrx_word' id='word_1_238' title='bbox 116 2481 214 2515; x_wconf 90' lang='lat' dir='ltr'><strong>nec</strong></span> <span class='ocrx_word' id='word_1_239' title='bbox 250 2481 435 2515; x_wconf 83' lang='lat' dir='ltr'><strong>aurum</strong></span> <span class='ocrx_word' id='word_1_240' title='bbox 471 2481 639 2533; x_wconf 90' lang='lat' dir='ltr'><strong>neque</strong></span> <span class='ocrx_word' id='word_1_241' title='bbox 676 2463 818 2515; x_wconf 91' lang='lat' dir='ltr'><strong>aliud</strong></span> <span class='ocrx_word' id='word_1_242' title='bbox 858 2464 1206 2534; x_wconf 88' lang='lat' dir='ltr'><strong>quodcunque</strong></span> <span class='ocrx_word' id='word_1_243' title='bbox 1246 2482 1433 2533; x_wconf 90' lang='lat' dir='ltr'><strong>corpus</strong></span> <span class='ocrx_word' id='word_1_244' title='bbox 1472 2463 1524 2513; x_wconf 92' lang='lat' dir='ltr'><strong>in</strong></span> <span class='ocrx_word' id='word_1_245' title='bbox 1563 2465 1681 2514; x_wconf 82' lang='lat' dir='ltr'><strong>a&#39;ere</strong></span> <span class='ocrx_word' id='word_1_246' title='bbox 1720 2463 2035 2518; x_wconf 86' lang='lat' dir='ltr'><strong>descendere</strong></span> <span class='ocrx_word' id='word_1_247' title='bbox 2074 2475 2264 2531; x_wconf 88' lang='lat' dir='ltr'><strong>posset.</strong></span> 
     </span>
     <span class='ocr_line' id='line_1_30' title="bbox 114 2551 2261 2625; baseline -0 -20"><span class='ocrx_word' id='word_1_248' title='bbox 114 2551 254 2605; x_wconf 86' lang='lat' dir='ltr'><strong>Nam</strong></span> <span class='ocrx_word' id='word_1_249' title='bbox 281 2570 500 2620; x_wconf 90' lang='lat' dir='ltr'><strong>corpora</strong></span> <span class='ocrx_word' id='word_1_250' title='bbox 534 2552 589 2602; x_wconf 88' lang='lat' dir='ltr'><strong>in</strong></span> <span class='ocrx_word' id='word_1_251' title='bbox 622 2552 813 2615; x_wconf 87' lang='lat' dir='ltr'><strong>fluidis,</strong></span> <span class='ocrx_word' id='word_1_252' title='bbox 852 2553 954 2604; x_wconf 89' lang='lat' dir='ltr'><strong>nisi</strong></span> <span class='ocrx_word' id='word_1_253' title='bbox 990 2552 1228 2622; x_wconf 74' lang='lat' dir='ltr'><strong>specifice</strong></span> <span class='ocrx_word' id='word_1_254' title='bbox 1265 2552 1504 2625; x_wconf 86' lang='lat' dir='ltr'><strong>graviora</strong></span> <span class='ocrx_word' id='word_1_255' title='bbox 1531 2552 1645 2614; x_wconf 89' lang='lat' dir='ltr'><strong>sint,</strong></span> <span class='ocrx_word' id='word_1_256' title='bbox 1687 2551 1897 2602; x_wconf 76' lang='lat' dir='ltr'><strong>minime</strong></span> <span class='ocrx_word' id='word_1_257' title='bbox 1925 2552 2261 2604; x_wconf 85' lang='lat' dir='ltr'><strong>descendunt.</strong></span> 
     </span>
     <span class='ocr_line' id='line_1_31' title="bbox 114 2643 2264 2717; baseline 0.002 -23"><span class='ocrx_word' id='word_1_258' title='bbox 114 2643 276 2706; x_wconf 83' lang='lat' dir='ltr'><strong>Quod</strong></span> <span class='ocrx_word' id='word_1_259' title='bbox 311 2644 353 2695; x_wconf 92' lang='lat' dir='ltr'><strong>si</strong></span> <span class='ocrx_word' id='word_1_260' title='bbox 391 2644 649 2714; x_wconf 88' lang='lat' dir='ltr'><strong>quantitas</strong></span> <span class='ocrx_word' id='word_1_261' title='bbox 676 2644 907 2698; x_wconf 83' lang='lat' dir='ltr'><strong>materiae</strong></span> <span class='ocrx_word' id='word_1_262' title='bbox 945 2646 999 2696; x_wconf 93' lang='lat' dir='ltr'><strong>in</strong></span> <span class='ocrx_word' id='word_1_263' title='bbox 1027 2646 1192 2714; x_wconf 88' lang='lat' dir='ltr'><strong>spatio</strong></span> <span class='ocrx_word' id='word_1_264' title='bbox 1219 2646 1340 2697; x_wconf 85' lang='lat' dir='ltr'><strong>dato</strong></span> <span class='ocrx_word' id='word_1_265' title='bbox 1364 2664 1458 2714; x_wconf 87' lang='lat' dir='ltr'><strong>per</strong></span> <span class='ocrx_word' id='word_1_266' title='bbox 1484 2644 1874 2698; x_wconf 85' lang='lat' dir='ltr'><strong>rarefactionem</strong></span> <span class='ocrx_word' id='word_1_267' title='bbox 1903 2664 2264 2717; x_wconf 89' lang='lat' dir='ltr'><strong>quamcunque</strong></span> 
     </span>
     <span class='ocr_line' id='line_1_32' title="bbox 113 2731 1582 2804; baseline 0.004 -22"><span class='ocrx_word' id='word_1_268' title='bbox 113 2731 333 2783; x_wconf 86' lang='lat' dir='ltr'><strong>diminui</strong></span> <span class='ocrx_word' id='word_1_269' title='bbox 356 2733 535 2801; x_wconf 87' lang='lat' dir='ltr'><strong>possit,</strong></span> <span class='ocrx_word' id='word_1_270' title='bbox 566 2734 747 2804; x_wconf 90' lang='lat' dir='ltr'><strong>quidni</strong></span> <span class='ocrx_word' id='word_1_271' title='bbox 772 2734 991 2786; x_wconf 89' lang='lat' dir='ltr'><strong>diminui</strong></span> <span class='ocrx_word' id='word_1_272' title='bbox 1015 2736 1180 2804; x_wconf 82' lang='lat' dir='ltr'><strong>possit</strong></span> <span class='ocrx_word' id='word_1_273' title='bbox 1203 2735 1257 2785; x_wconf 89' lang='lat' dir='ltr'><strong>in</strong></span> <span class='ocrx_word' id='word_1_274' title='bbox 1282 2736 1582 2789; x_wconf 83' lang='lat' dir='ltr'><strong>infinitum?</strong></span> 
     </span>
    </p>

    <p class='ocr_par' dir='ltr' id='par_1_10' title="bbox 187 2822 2260 2894">
     <span class='ocr_line' id='line_1_33' title="bbox 187 2822 2260 2894; baseline 0.001 -20"><span class='ocrx_word' id='word_1_275' title='bbox 187 2823 351 2874; x_wconf 80' lang='lat' dir='ltr'><strong>Corol.</strong></span> <span class='ocrx_word' id='word_1_276' title='bbox 380 2829 430 2873; x_wconf 79' lang='lat'><strong>4.</strong></span> <span class='ocrx_word' id='word_1_277' title='bbox 476 2822 532 2874; x_wconf 90' lang='lat' dir='ltr'><strong>Si</strong></span> <span class='ocrx_word' id='word_1_278' title='bbox 568 2840 747 2875; x_wconf 88' lang='lat' dir='ltr'><strong>omnes</strong></span> <span class='ocrx_word' id='word_1_279' title='bbox 785 2823 1019 2874; x_wconf 89' lang='lat' dir='ltr'><strong>omnium</strong></span> <span class='ocrx_word' id='word_1_280' title='bbox 1058 2842 1334 2892; x_wconf 89' lang='lat' dir='ltr'><strong>corporum</strong></span> <span class='ocrx_word' id='word_1_281' title='bbox 1372 2824 1642 2893; x_wconf 82' lang='lat' dir='ltr'><strong>particulae</strong></span> <span class='ocrx_word' id='word_1_282' title='bbox 1679 2824 1859 2876; x_wconf 78' lang='lat' dir='ltr'><strong>solidae</strong></span> <span class='ocrx_word' id='word_1_283' title='bbox 1898 2825 1998 2876; x_wconf 91' lang='lat' dir='ltr'><strong>sint</strong></span> <span class='ocrx_word' id='word_1_284' title='bbox 2032 2827 2260 2894; x_wconf 85' lang='lat' dir='ltr'><strong>ejusdem</strong></span> 
     </span>
    </p>
   </div>
   <div class='ocr_carea' id='block_1_8' title="bbox 92 2910 2258 2984">
    <p class='ocr_par' dir='ltr' id='par_1_11' title="bbox 92 2910 2258 2984">
     <span class='ocr_line' id='line_1_34' title="bbox 92 2910 2258 2984; baseline 0.002 -22"><span class='ocrx_word' id='word_1_285' title='bbox 92 2910 393 2974; x_wconf 48' lang='lat' dir='ltr'><strong>densitati&amp;</strong></span> <span class='ocrx_word' id='word_1_286' title='bbox 423 2929 591 2982; x_wconf 90' lang='lat' dir='ltr'><strong>neque</strong></span> <span class='ocrx_word' id='word_1_287' title='bbox 619 2913 728 2963; x_wconf 89' lang='lat' dir='ltr'><strong>sine</strong></span> <span class='ocrx_word' id='word_1_288' title='bbox 753 2913 894 2980; x_wconf 89' lang='lat' dir='ltr'><strong>poris</strong></span> <span class='ocrx_word' id='word_1_289' title='bbox 921 2913 1151 2965; x_wconf 88' lang='lat' dir='ltr'><strong>rarefieri</strong></span> <span class='ocrx_word' id='word_1_290' title='bbox 1176 2915 1391 2982; x_wconf 90' lang='lat' dir='ltr'><strong>possint,</strong></span> <span class='ocrx_word' id='word_1_291' title='bbox 1431 2914 1490 2983; x_wconf 68' lang='grc' dir='ltr'><strong>(Ζ)</strong></span> <span class='ocrx_word' id='word_1_292' title='bbox 1519 2932 1739 2966; x_wconf 88' lang='lat' dir='ltr'><strong>vacuum</strong></span> <span class='ocrx_word' id='word_1_293' title='bbox 1767 2914 1933 2966; x_wconf 85' lang='lat' dir='ltr'><strong>datur.</strong></span> <span class='ocrx_word' id='word_1_294' title='bbox 2012 2915 2258 2984; x_wconf 85' lang='lat' dir='ltr'><strong>Ejusdem</strong></span> 
     </span>
    </p>
   </div>
   <div class='ocr_carea' id='block_1_9' title="bbox 112 2998 2260 3164">
    <p class='ocr_par' dir='ltr' id='par_1_12' title="bbox 112 2998 2260 3164">
     <span class='ocr_line' id='line_1_35' title="bbox 112 2998 2043 3076; baseline 0.003 -25"><span class='ocrx_word' id='word_1_295' title='bbox 112 2998 375 3051; x_wconf 89' lang='lat' dir='ltr'><strong>densitatis</strong></span> <span class='ocrx_word' id='word_1_296' title='bbox 403 3018 513 3053; x_wconf 90' lang='lat' dir='ltr'><strong>esse</strong></span> <span class='ocrx_word' id='word_1_297' title='bbox 538 3001 671 3064; x_wconf 81' lang='lat' dir='ltr'><strong>dioc,</strong></span> <span class='ocrx_word' id='word_1_298' title='bbox 703 3002 764 3070; x_wconf 72' lang='lat'>(²²)</span> <span class='ocrx_word' id='word_1_299' title='bbox 792 3021 1012 3071; x_wconf 90' lang='lat' dir='ltr'><strong>quarum</strong></span> <span class='ocrx_word' id='word_1_300' title='bbox 1036 3003 1169 3055; x_wconf 91' lang='lat' dir='ltr'><strong>vires</strong></span> <span class='ocrx_word' id='word_1_301' title='bbox 1195 3003 1394 3055; x_wconf 82' lang='lat' dir='ltr'><strong>inertiae</strong></span> <span class='ocrx_word' id='word_1_302' title='bbox 1422 3015 1541 3055; x_wconf 90' lang='lat' dir='ltr'><strong>sunt</strong></span> <span class='ocrx_word' id='word_1_303' title='bbox 1566 3014 1623 3056; x_wconf 94' lang='lat' dir='ltr'><strong>ut</strong></span> <span class='ocrx_word' id='word_1_304' title='bbox 1646 3005 2043 3076; x_wconf 85' lang='lat' dir='ltr'><strong>magnitudines.</strong></span> 
     </span>
     <span class='ocr_line' id='line_1_36' title="bbox 188 3088 2260 3164; baseline 0.003 -25"><span class='ocrx_word' id='word_1_305' title='bbox 188 3090 351 3140; x_wconf 79' lang='lat' dir='ltr'><strong>Corol.</strong></span> <span class='ocrx_word' id='word_1_306' title='bbox 379 3096 428 3141; x_wconf 89' lang='lat'><strong>5.</strong></span> <span class='ocrx_word' id='word_1_307' title='bbox 468 3088 533 3158; x_wconf 68' lang='lat' dir='ltr'><strong>(b)</strong></span> <span class='ocrx_word' id='word_1_308' title='bbox 563 3090 657 3141; x_wconf 91' lang='lat' dir='ltr'><strong>Vis</strong></span> <span class='ocrx_word' id='word_1_309' title='bbox 695 3091 961 3161; x_wconf 85' lang='lat' dir='ltr'><strong>gravitatis</strong></span> <span class='ocrx_word' id='word_1_310' title='bbox 999 3091 1303 3153; x_wconf 85' lang='lat' dir='ltr'><strong>diversiest</strong></span> <span class='ocrx_word' id='word_1_311' title='bbox 1338 3094 1542 3163; x_wconf 85' lang='lat' dir='ltr'><strong>generis</strong></span> <span class='ocrx_word' id='word_1_312' title='bbox 1579 3113 1610 3144; x_wconf 89' lang='lat' dir='ltr'><strong>a</strong></span> <span class='ocrx_word' id='word_1_313' title='bbox 1647 3094 1697 3144; x_wconf 90' lang='lat' dir='ltr'><strong>vi</strong></span> <span class='ocrx_word' id='word_1_314' title='bbox 1733 3091 2037 3164; x_wconf 68' lang='lat' dir='ltr'><strong>magnetica.</strong></span> <span class='ocrx_word' id='word_1_315' title='bbox 2122 3093 2260 3145; x_wconf 86' lang='lat' dir='ltr'><strong>Nam</strong></span> 
     </span>
    </p>
   </div>
   <div class='ocr_carea' id='block_1_10' title="bbox 114 3182 2254 3257">
    <p class='ocr_par' dir='ltr' id='par_1_13' title="bbox 114 3182 2254 3257">
     <span class='ocr_line' id='line_1_37' title="bbox 114 3182 2254 3257; baseline 0.002 -24"><span class='ocrx_word' id='word_1_316' title='bbox 114 3182 348 3234; x_wconf 85' lang='lat' dir='ltr'><strong>attractio</strong></span> <span class='ocrx_word' id='word_1_317' title='bbox 382 3183 672 3254; x_wconf 87' lang='lat' dir='ltr'><strong>magnetica</strong></span> <span class='ocrx_word' id='word_1_318' title='bbox 707 3202 813 3235; x_wconf 91' lang='lat' dir='ltr'><strong>non</strong></span> <span class='ocrx_word' id='word_1_319' title='bbox 850 3194 927 3235; x_wconf 89' lang='lat' dir='ltr'><strong>est</strong></span> <span class='ocrx_word' id='word_1_320' title='bbox 952 3195 1010 3236; x_wconf 93' lang='lat' dir='ltr'><strong>ut</strong></span> <span class='ocrx_word' id='word_1_321' title='bbox 1046 3186 1262 3237; x_wconf 86' lang='lat' dir='ltr'><strong>materia</strong></span> <span class='ocrx_word' id='word_1_322' title='bbox 1300 3196 1532 3237; x_wconf 87' lang='lat' dir='ltr'><strong>attracta.</strong></span> <span class='ocrx_word' id='word_1_323' title='bbox 1611 3185 1848 3254; x_wconf 88' lang='lat' dir='ltr'><strong>Corpora</strong></span> <span class='ocrx_word' id='word_1_324' title='bbox 1885 3185 2056 3254; x_wconf 87' lang='lat' dir='ltr'><strong>aliqua</strong></span> <span class='ocrx_word' id='word_1_325' title='bbox 2089 3186 2254 3257; x_wconf 85' lang='lat' dir='ltr'><strong>magis</strong></span> 
     </span>
    </p>
   </div>
   <div class='ocr_carea' id='block_1_11' title="bbox 109 3333 2257 3812">
    <p class='ocr_par' dir='ltr' id='par_1_14' title="bbox 109 3333 2257 3759">
     <span class='ocr_line' id='line_1_38' title="bbox 169 3333 2257 3390; baseline 0 -14"><span class='ocrx_word' id='word_1_326' title='bbox 169 3333 231 3386; x_wconf 82' lang='lat'><strong>(²)</strong></span> <span class='ocrx_word' id='word_1_327' title='bbox 254 3337 275 3359; x_wconf 68' lang='lat'><strong>¹*</strong></span> <span class='ocrx_word' id='word_1_328' title='bbox 306 3338 477 3376; x_wconf 84' lang='lat' dir='ltr'><strong>Vacuum</strong></span> <span class='ocrx_word' id='word_1_329' title='bbox 497 3339 625 3375; x_wconf 72' lang='lat' dir='ltr'><strong>datur.</strong></span> <span class='ocrx_word' id='word_1_330' title='bbox 675 3337 829 3385; x_wconf 80' lang='lat' dir='ltr'><strong>Quibus</strong></span> <span class='ocrx_word' id='word_1_331' title='bbox 847 3336 1157 3387; x_wconf 74' lang='lat' dir='ltr'><strong>responsionibus</strong></span> <span class='ocrx_word' id='word_1_332' title='bbox 1213 3337 1528 3376; x_wconf 85' lang='lat' dir='ltr'><strong>Muschenbroek</strong></span> <span class='ocrx_word' id='word_1_333' title='bbox 1572 3336 1613 3373; x_wconf 86' lang='lat' dir='ltr'><strong>in</strong></span> <span class='ocrx_word' id='word_1_334' title='bbox 1654 3337 1934 3374; x_wconf 81' lang='lat' dir='ltr'><strong>Dissertatione</strong></span> <span class='ocrx_word' id='word_1_335' title='bbox 1970 3336 2019 3375; x_wconf 91' lang='lat' dir='ltr'><strong>de</strong></span> <span class='ocrx_word' id='word_1_336' title='bbox 2066 3338 2257 3390; x_wconf 84' lang='lat' dir='ltr'><strong>Magnete</strong></span> 
     </span>
     <span class='ocr_line' id='line_1_39' title="bbox 115 3387 2257 3449; baseline 0.003 -25"><span class='ocrx_word' id='word_1_337' title='bbox 115 3387 190 3449; x_wconf 61' lang='lat' dir='ltr'><strong>boc</strong></span> <span class='ocrx_word' id='word_1_338' title='bbox 220 3388 401 3448; x_wconf 58' lang='lat' dir='ltr'><strong>Neyvtoni</strong></span> <span class='ocrx_word' id='word_1_339' title='bbox 433 3389 676 3427; x_wconf 81' lang='lat' dir='ltr'><strong>ratiocinium</strong></span> <span class='ocrx_word' id='word_1_340' title='bbox 709 3391 898 3442; x_wconf 82' lang='lat' dir='ltr'><strong>effugiant</strong></span> <span class='ocrx_word' id='word_1_341' title='bbox 929 3391 1155 3437; x_wconf 86' lang='lat' dir='ltr'><strong>Cartesiani,</strong></span> <span class='ocrx_word' id='word_1_342' title='bbox 1209 3391 1377 3440; x_wconf 87' lang='lat' dir='ltr'><strong>plurima</strong></span> <span class='ocrx_word' id='word_1_343' title='bbox 1403 3399 1517 3441; x_wconf 85' lang='lat' dir='ltr'><strong>atque</strong></span> <span class='ocrx_word' id='word_1_344' title='bbox 1537 3390 1827 3427; x_wconf 45' lang='lat' dir='ltr'><strong>&gt;accuratissima</strong></span> <span class='ocrx_word' id='word_1_345' title='bbox 1854 3389 1902 3427; x_wconf 90' lang='lat' dir='ltr'><strong>de</strong></span> <span class='ocrx_word' id='word_1_346' title='bbox 1929 3390 2091 3441; x_wconf 89' lang='lat' dir='ltr'><strong>hujusce</strong></span> <span class='ocrx_word' id='word_1_347' title='bbox 2119 3392 2257 3441; x_wconf 84' lang='lat' dir='ltr'><strong>lapidis</strong></span> 
     </span>
     <span class='ocr_line' id='line_1_40' title="bbox 109 3439 2254 3495; baseline 0.002 -17"><span class='ocrx_word' id='word_1_348' title='bbox 109 3453 192 3493; x_wconf 79' lang='lat' dir='ltr'><strong>Jam</strong></span> <span class='ocrx_word' id='word_1_349' title='bbox 213 3439 384 3479; x_wconf 77' lang='lat' dir='ltr'><strong>diximus</strong></span> <span class='ocrx_word' id='word_1_350' title='bbox 410 3441 516 3493; x_wconf 89' lang='lat' dir='ltr'><strong>(Lib.</strong></span> <span class='ocrx_word' id='word_1_351' title='bbox 542 3442 603 3481; x_wconf 86' lang='lat'><strong>11.</strong></span> <span class='ocrx_word' id='word_1_352' title='bbox 626 3455 737 3481; x_wconf 85' lang='lat' dir='ltr'><strong>num·</strong></span> <span class='ocrx_word' id='word_1_353' title='bbox 763 3444 870 3495; x_wconf 78' lang='lat'><strong>187).</strong></span> <span class='ocrx_word' id='word_1_354' title='bbox 1211 3445 1361 3482; x_wconf 86' lang='lat' dir='ltr'><strong>actione</strong></span> <span class='ocrx_word' id='word_1_355' title='bbox 1380 3445 1497 3482; x_wconf 84' lang='lat' dir='ltr'><strong>refert</strong></span> <span class='ocrx_word' id='word_1_356' title='bbox 1515 3443 1789 3491; x_wconf 84' lang='lat' dir='ltr'><strong>experimenta.</strong></span> <span class='ocrx_word' id='word_1_357' title='bbox 1832 3443 1897 3481; x_wconf 88' lang='lat' dir='ltr'><strong>Ex</strong></span> <span class='ocrx_word' id='word_1_358' title='bbox 1917 3444 2107 3493; x_wconf 69' lang='lat' dir='ltr'><strong>descripta</strong></span> <span class='ocrx_word' id='word_1_359' title='bbox 2125 3459 2148 3483; x_wconf 90' lang='lat' dir='ltr'><strong>a</strong></span> <span class='ocrx_word' id='word_1_360' title='bbox 2167 3445 2254 3483; x_wconf 79' lang='lat' dir='ltr'><strong>dili·</strong></span> 
     </span>
     <span class='ocr_line' id='line_1_41' title="bbox 117 3492 2255 3555; baseline 0.002 -24"><span class='ocrx_word' id='word_1_361' title='bbox 117 3546 129 3555; x_wconf 49' lang='lat'><strong>·</strong></span> <span class='ocrx_word' id='word_1_362' title='bbox 171 3492 228 3554; x_wconf 60' lang='lat' dir='ltr'><strong>(a)</strong></span> <span class='ocrx_word' id='word_1_363' title='bbox 250 3497 271 3519; x_wconf 75' lang='lat'><em>*</em></span> <span class='ocrx_word' id='word_1_364' title='bbox 299 3497 476 3554; x_wconf 65' lang='lat' dir='ltr'><strong>Quarum</strong></span> <span class='ocrx_word' id='word_1_365' title='bbox 493 3497 589 3534; x_wconf 75' lang='lat' dir='ltr'><strong>vires</strong></span> <span class='ocrx_word' id='word_1_366' title='bbox 615 3498 773 3536; x_wconf 65' lang='lat' dir='ltr'><strong>inertiae.</strong></span> <span class='ocrx_word' id='word_1_367' title='bbox 837 3496 942 3536; x_wconf 68' lang='lat' dir='ltr'><strong>Cum</strong></span> <span class='ocrx_word' id='word_1_368' title='bbox 970 3497 1074 3535; x_wconf 86' lang='lat' dir='ltr'><strong>enim</strong></span> <span class='ocrx_word' id='word_1_369' title='bbox 1103 3496 1160 3534; x_wconf 88' lang='lat' dir='ltr'><strong>vis</strong></span> <span class='ocrx_word' id='word_1_370' title='bbox 1212 3497 1437 3549; x_wconf 83' lang='lat' dir='ltr'><strong>gentissimo</strong></span> <span class='ocrx_word' id='word_1_371' title='bbox 1473 3497 1555 3534; x_wconf 85' lang='lat' dir='ltr'><strong>viro</strong></span> <span class='ocrx_word' id='word_1_372' title='bbox 1597 3496 1947 3543; x_wconf 82' lang='lat' dir='ltr'><strong>experimentorum</strong></span> <span class='ocrx_word' id='word_1_373' title='bbox 1986 3500 2082 3535; x_wconf 85' lang='lat' dir='ltr'><strong>serie</strong></span> <span class='ocrx_word' id='word_1_374' title='bbox 2127 3500 2255 3547; x_wconf 83' lang='lat' dir='ltr'><strong>palam</strong></span> 
     </span>
     <span class='ocr_line' id='line_1_42' title="bbox 116 3548 2257 3608; baseline 0.002 -24"><span class='ocrx_word' id='word_1_375' title='bbox 116 3556 265 3608; x_wconf 66' lang='lat' dir='ltr'><strong>mei-tiae</strong></span> <span class='ocrx_word' id='word_1_376' title='bbox 295 3554 344 3607; x_wconf 66' lang='lat' dir='ltr'><strong>stt</strong></span> <span class='ocrx_word' id='word_1_377' title='bbox 370 3548 572 3597; x_wconf 79' lang='lat' dir='ltr'><strong>quantitati</strong></span> <span class='ocrx_word' id='word_1_378' title='bbox 598 3550 768 3588; x_wconf 81' lang='lat' dir='ltr'><strong>materiae</strong></span> <span class='ocrx_word' id='word_1_379' title='bbox 795 3550 1098 3600; x_wconf 82' lang='lat' dir='ltr'><strong>proportionaliS,</strong></span> <span class='ocrx_word' id='word_1_380' title='bbox 1128 3550 1159 3587; x_wconf 87' lang='lat' dir='ltr'><strong>si</strong></span> <span class='ocrx_word' id='word_1_381' title='bbox 1213 3550 1369 3601; x_wconf 89' lang='lat' dir='ltr'><strong>quidem</strong></span> <span class='ocrx_word' id='word_1_382' title='bbox 1397 3550 1441 3587; x_wconf 87' lang='lat' dir='ltr'><strong>fit</strong></span> <span class='ocrx_word' id='word_1_383' title='bbox 1468 3548 1652 3600; x_wconf 78' lang='lat' dir='ltr'><strong>aequalem</strong></span> <span class='ocrx_word' id='word_1_384' title='bbox 1682 3561 1760 3587; x_wconf 89' lang='lat' dir='ltr'><strong>non</strong></span> <span class='ocrx_word' id='word_1_385' title='bbox 1780 3562 1860 3588; x_wconf 87' lang='lat' dir='ltr'><strong>esse</strong></span> <span class='ocrx_word' id='word_1_386' title='bbox 1880 3551 2069 3600; x_wconf 78' lang='lat' dir='ltr'><strong>magnetis</strong></span> <span class='ocrx_word' id='word_1_387' title='bbox 2095 3551 2134 3588; x_wconf 85' lang='lat' dir='ltr'><strong>in</strong></span> <span class='ocrx_word' id='word_1_388' title='bbox 2154 3553 2257 3589; x_wconf 82' lang='lat' dir='ltr'><strong>varia</strong></span> 
     </span>
     <span class='ocr_line' id='line_1_43' title="bbox 117 3602 2256 3655; baseline 0.002 -18"><span class='ocrx_word' id='word_1_389' title='bbox 117 3612 215 3638; x_wconf 80' lang='lat' dir='ltr'><strong>vires</strong></span> <span class='ocrx_word' id='word_1_390' title='bbox 232 3608 380 3638; x_wconf 79' lang='lat' dir='ltr'><strong>mertiae</strong></span> <span class='ocrx_word' id='word_1_391' title='bbox 395 3608 487 3638; x_wconf 88' lang='lat' dir='ltr'><strong>sunt</strong></span> <span class='ocrx_word' id='word_1_392' title='bbox 499 3609 544 3638; x_wconf 84' lang='lat' dir='ltr'><strong>ut</strong></span> <span class='ocrx_word' id='word_1_393' title='bbox 556 3602 856 3652; x_wconf 81' lang='lat' dir='ltr'><strong>magnitudineS,</strong></span> <span class='ocrx_word' id='word_1_394' title='bbox 871 3602 1160 3655; x_wconf 86' lang='lat' dir='ltr'><strong>magnitudines</strong></span> <span class='ocrx_word' id='word_1_395' title='bbox 1214 3615 1372 3651; x_wconf 80' lang='lat' dir='ltr'><strong>corpora</strong></span> <span class='ocrx_word' id='word_1_396' title='bbox 1386 3603 1588 3644; x_wconf 82' lang='lat' dir='ltr'><strong>actionem,</strong></span> <span class='ocrx_word' id='word_1_397' title='bbox 1605 3614 1766 3652; x_wconf 86' lang='lat' dir='ltr'><strong>eamque</strong></span> <span class='ocrx_word' id='word_1_398' title='bbox 1780 3611 2049 3652; x_wconf 79' lang='lat' dir='ltr'><strong>tempestatum</strong></span> <span class='ocrx_word' id='word_1_399' title='bbox 2067 3605 2256 3642; x_wconf 85' lang='lat' dir='ltr'><strong>vicissitu-</strong></span> 
     </span>
     <span class='ocr_line' id='line_1_44' title="bbox 118 3653 2257 3714; baseline 0.001 -22"><span class='ocrx_word' id='word_1_400' title='bbox 118 3661 210 3697; x_wconf 75' lang='lat' dir='ltr'><strong>sunt</strong></span> <span class='ocrx_word' id='word_1_401' title='bbox 228 3661 273 3691; x_wconf 89' lang='lat' dir='ltr'><strong>ut</strong></span> <span class='ocrx_word' id='word_1_402' title='bbox 290 3653 523 3714; x_wconf 75' lang='lat' dir='ltr'><strong>quantitates</strong></span> <span class='ocrx_word' id='word_1_403' title='bbox 549 3655 731 3702; x_wconf 73' lang='lat' dir='ltr'><strong>materiae,</strong></span> <span class='ocrx_word' id='word_1_404' title='bbox 761 3657 832 3694; x_wconf 90' lang='lat' dir='ltr'><strong>hoc</strong></span> <span class='ocrx_word' id='word_1_405' title='bbox 850 3664 920 3704; x_wconf 88' lang='lat' dir='ltr'><strong>est,</strong></span> <span class='ocrx_word' id='word_1_406' title='bbox 949 3665 1041 3695; x_wconf 86' lang='lat' dir='ltr'><strong>suut</strong></span> <span class='ocrx_word' id='word_1_407' title='bbox 1058 3655 1160 3706; x_wconf 82' lang='lat' dir='ltr'><strong>ejus·</strong></span> <span class='ocrx_word' id='word_1_408' title='bbox 1214 3654 1370 3693; x_wconf 87' lang='lat' dir='ltr'><strong>dinibus</strong></span> <span class='ocrx_word' id='word_1_409' title='bbox 1387 3655 1607 3700; x_wconf 79' lang='lat' dir='ltr'><strong>obnoxiam,</strong></span> <span class='ocrx_word' id='word_1_410' title='bbox 1624 3663 1662 3692; x_wconf 91' lang='lat' dir='ltr'><strong>et</strong></span> <span class='ocrx_word' id='word_1_411' title='bbox 1678 3655 1795 3694; x_wconf 64' lang='lat' dir='ltr'><strong>mod&amp;</strong></span> <span class='ocrx_word' id='word_1_412' title='bbox 1806 3656 1950 3694; x_wconf 89' lang='lat' dir='ltr'><strong>remitti</strong></span> <span class='ocrx_word' id='word_1_413' title='bbox 1963 3656 2080 3695; x_wconf 73' lang='lat' dir='ltr'><strong>modo</strong></span> <span class='ocrx_word' id='word_1_414' title='bbox 2096 3658 2257 3703; x_wconf 79' lang='lat' dir='ltr'><strong>intendi.</strong></span> 
     </span>
     <span class='ocr_line' id='line_1_45' title="bbox 118 3706 2256 3759; baseline 0.001 -15"><span class='ocrx_word' id='word_1_415' title='bbox 118 3706 207 3751; x_wconf 78' lang='lat' dir='ltr'><strong>dem</strong></span> <span class='ocrx_word' id='word_1_416' title='bbox 226 3706 436 3751; x_wconf 78' lang='lat' dir='ltr'><strong>densitatis.</strong></span> <span class='ocrx_word' id='word_1_417' title='bbox 697 3742 711 3748; x_wconf 75' lang='grc'><strong>,</strong></span> <span class='ocrx_word' id='word_1_418' title='bbox 838 3741 842 3749; x_wconf 87' lang='grc'><strong>,</strong></span> <span class='ocrx_word' id='word_1_419' title='bbox 1220 3709 1276 3746; x_wconf 89' lang='lat' dir='ltr'><strong>At</strong></span> <span class='ocrx_word' id='word_1_420' title='bbox 1308 3708 1384 3745; x_wconf 89' lang='lat' dir='ltr'><strong>vim</strong></span> <span class='ocrx_word' id='word_1_421' title='bbox 1418 3708 1678 3759; x_wconf 79' lang='lat' dir='ltr'><strong>magneticam</strong></span> <span class='ocrx_word' id='word_1_422' title='bbox 1707 3708 1748 3745; x_wconf 87' lang='lat' dir='ltr'><strong>in</strong></span> <span class='ocrx_word' id='word_1_423' title='bbox 1781 3710 1926 3747; x_wconf 85' lang='lat' dir='ltr'><strong>ratione</strong></span> <span class='ocrx_word' id='word_1_424' title='bbox 1955 3710 2081 3748; x_wconf 76' lang='lat' dir='ltr'><strong>multo</strong></span> <span class='ocrx_word' id='word_1_425' title='bbox 2116 3711 2256 3747; x_wconf 79' lang='lat' dir='ltr'><strong>minori</strong></span> 
     </span>
    </p>

    <p class='ocr_par' dir='ltr' id='par_1_15' title="bbox 172 3759 2254 3812">
     <span class='ocr_line' id='line_1_46' title="bbox 172 3759 2254 3812; baseline 0.001 -14"><span class='ocrx_word' id='word_1_426' title='bbox 172 3759 228 3812; x_wconf 56' lang='grc' dir='ltr'><strong>(ὓ)</strong></span> <span class='ocrx_word' id='word_1_427' title='bbox 247 3762 267 3784; x_wconf 61' lang='lat'><strong>³*</strong></span> <span class='ocrx_word' id='word_1_428' title='bbox 293 3762 354 3798; x_wconf 82' lang='lat' dir='ltr'><strong>Vis</strong></span> <span class='ocrx_word' id='word_1_429' title='bbox 368 3761 565 3811; x_wconf 80' lang='lat' dir='ltr'><strong>gravitatis</strong></span> <span class='ocrx_word' id='word_1_430' title='bbox 580 3761 720 3800; x_wconf 81' lang='lat' dir='ltr'><strong>diversi</strong></span> <span class='ocrx_word' id='word_1_431' title='bbox 732 3769 791 3805; x_wconf 62' lang='lat' dir='ltr'><strong>‚est</strong></span> <span class='ocrx_word' id='word_1_432' title='bbox 805 3765 966 3812; x_wconf 49' lang='lat' dir='ltr'><strong>generis.</strong></span> <span class='ocrx_word' id='word_1_433' title='bbox 1007 3761 1161 3803; x_wconf 79' lang='lat' dir='ltr'><strong>Clariss.</strong></span> <span class='ocrx_word' id='word_1_434' title='bbox 1214 3760 1332 3811; x_wconf 71' lang='lat' dir='ltr'><strong>quarn</strong></span> <span class='ocrx_word' id='word_1_435' title='bbox 1359 3759 1548 3810; x_wconf 68' lang='lat' dir='ltr'><strong>triplicata</strong></span> <span class='ocrx_word' id='word_1_436' title='bbox 1575 3760 1842 3801; x_wconf 85' lang='lat' dir='ltr'><strong>distantiarum</strong></span> <span class='ocrx_word' id='word_1_437' title='bbox 1863 3761 2090 3812; x_wconf 82' lang='lat' dir='ltr'><strong>decrescere,</strong></span> <span class='ocrx_word' id='word_1_438' title='bbox 2120 3764 2254 3810; x_wconf 75' lang='lat' dir='ltr'><strong>eadem</strong></span> 
     </span>
    </p>
   </div>
   <div class='ocr_carea' id='block_1_12' title="bbox 176 3830 1227 3870">
    <p class='ocr_par' dir='ltr' id='par_1_16' title="bbox 176 3830 1227 3870">
     <span class='ocr_line' id='line_1_47' title="bbox 176 3830 1227 3870; baseline 0.002 -2"><span class='ocrx_word' id='word_1_439' title='bbox 176 3830 275 3869; x_wconf 76' lang='lat' dir='ltr'><strong>Vox..</strong></span> <span class='ocrx_word' id='word_1_440' title='bbox 302 3832 388 3870; x_wconf 89' lang='lat'><strong>111.</strong></span> <span class='ocrx_word' id='word_1_441' title='bbox 1190 3833 1227 3870; x_wconf 86' lang='lat' dir='ltr'>E</span> 
     </span>
    </p>
   </div>
  </div>
 </body>
</html>
