2528 4172
283 314 351 359 46
772 304 1344 357 ‘PHILOSOPHIAE
1383 304 1833 358 NATURALIS
1888 307 2005 371 [DE
2027 306 2228 359 Mum).
2253 307 2407 361 SYs'r.

284 447 352 499 ad
397 451 531 501 1067
546 466 560 508 ;
599 438 822 513 ideoque>
855 444 909 493 in
948 444 1307 512 conjunctione
1343 445 1488 496 Jovis
1528 456 1578 496 et
1619 446 1842 507 Saturni,
1889 446 2132 514 quoniam
2169 446 2411 497 distantia

291 537 499 588 Saturni
535 555 565 586 a
601 535 730 586 Jove
767 543 844 584 est
880 532 948 583 ad
985 533 1277 583 distantia-,n
1318 535 1527 585 Saturni
1563 555 1593 586 a
1633 536 1752 587 Sole
1778 535 1882 587 fere
1909 546 1965 586 ut
1991 543 2022 585 4
2050 535 2116 586 ad
2142 544 2192 598 9,
2223 536 2286 604 (¹³)
2314 537 2411 586 erit

286 627 507 696 gravitas
551 623 758 676 Saturni
800 623 855 672 in
896 623 1080 674 Jovem
1123 624 1188 673 ad
1231 625 1533 694 gravitatem
1571 627 1779 677 Saturni
1821 627 1875 676 in
1923 627 2096 678 Solem
2139 637 2197 677 ut
2235 634 2297 677 81
2342 626 2410 676 ad

294 721 357 765 16
399 724 441 764 Χ
485 717 619 765 1067
663 729 755 761 5611
803 717 825 760 1
877 710 943 761 ad
988 717 1084 762 211
1131 712 1348 763 circiter.
1442 713 1512 763 Et
1552 712 1674 764 hinc
1713 714 1875 764 oritur
1916 715 2234 782 perturbatio
2273 714 2411 764 orbis

294 802 502 856 Saturni
539 802 593 851 in
631 800 844 871 singulis
880 800 1102 868 planetae
1140 801 1292 870 hujus
1330 820 1447 852 cum
1473 802 1602 854 Jove
1629 803 2072 872 conjunctionibus
2099 804 2228 854 adeo
2257 804 2414 854 sensi-

289 890 406 941 bilis
432 898 490 939 ut
515 888 580 939 ad
608 888 825 939 eandem
858 888 1138 938 astronomi
1162 888 1414 940 haereant.
1491 890 1548 958 (⁰)
1580 890 1685 940 Pro
1710 891 1851 941 vario
1880 888 1981 941 situ
2005 891 2229 959 planetae
2258 892 2312 940 in
2336 889 2416 940 his

293 978 759 1048 conjunctionibus,
800 977 1146 1028 eccentricitas
1181 979 1288 1046 ejus
1313 996 1452 1029 nunc
1477 989 1708 1049 augetur,
1748 998 1886 1030 nuuc
1912 979 2231 1041 diminuitur,
2261 979 2417 1048 aphe-

293 1069 419 1119 lium
452 1086 592 1118 nunc
627 1076 977 1135 promovetur,
1018 1084 1156 1117 nunc
1180 1066 1312 1117 forte
1339 1067 1633 1129 retrahitur,
1671 1077 1721 1118 et
1743 1067 1944 1118 medius
1969 1079 2138 1119 motus
2164 1086 2259 1135 per
2284 1068 2419 1118 vices

294 1155 609 1207 acceleratur
646 1164 697 1205 et
733 1153 1038 1205 retardatur.
1114 1155 1177 1222 (⁶¹)
1219 1155 1384 1205 Error
1419 1165 1591 1206 tamen
1628 1156 1794 1206 omnis
1829 1156 1884 1205 in
1915 1167 2060 1208 motu
2094 1158 2200 1225 ejus
2229 1154 2422 1207 circum

299 1246 472 1299 Solem
498 1266 528 1296 a
551 1244 692 1297 tanta
718 1244 769 1295 vi
793 1244 1041 1295 oriundus
1069 1247 1434 1313 (praeterquam
1459 1245 1513 1295 in
1538 1255 1682 1295 motu
1707 1244 1899 1310 medio)
1923 1246 2101 1296 evitari
2124 1245 2230 1297 fere
2256 1254 2425 1313 potest

296 1334 656 1387 constituendo
694 1332 995 1384 umbilicum
1031 1333 1326 1385 inferiorem
1363 1334 1501 1385 orbis
1540 1336 1648 1403 ejus
1680 1334 1736 1386 in
1764 1338 2025 1387 communi
2052 1347 2230 1388 centro
2257 1336 2424 1406 gravi-

297 1428 414 1478 tatis
440 1427 584 1478 Jovis
611 1435 661 1477 et
691 1425 823 1478 Solis
852 1429 966 1493 (per
994 1426 1156 1493 Prop.
1180 1424 1418 1476 LXVII.
1447 1425 1565 1476 Lib.
1590 1426 1655 1490 I.)
1683 1435 1733 1476 et
1756 1435 2030 1503 propterea
2055 1426 2145 1477 ubi
2170 1425 2426 1476 maximus

303 1526 395 1579 est,
434 1516 524 1566 vix
562 1523 771 1582 superat
807 1514 1005 1564 minuta
1041 1513 1145 1564 duo
1181 1513 1363 1581 prima.
1442 1512 1511 1563 Et
1549 1531 1693 1564 error
1727 1514 1982 1565 maximus
2009 1515 2060 1564 in
2086 1524 2231 1564 motu
2258 1512 2430 1563 medio

304 1606 395 1656 vix
439 1612 648 1670 superat
690 1601 890 1651 minuta
932 1601 1036 1651 duo
1074 1600 1241 1668 prima
1284 1600 1562 1651 annuatim.
1641 1602 1700 1668 (e)
1748 1601 1812 1651 In
1856 1603 2213 1671 conjunctione
2259 1610 2431 1651 autem

310 1693 453 1746 Jovis
497 1702 549 1742 et
595 1691 804 1742 Saturni
846 1691 1120 1760 gravitates
1163 1689 1540 1741 acceleratrices
1583 1690 1715 1742 Solis
1752 1691 1807 1740 in
1850 1693 2147 1754 Saturnum,
2188 1691 2334 1743 Jovis
2379 1691 2433 1739 111

1804 1788 1866 1833 16
1910 1794 1949 1833 ><
1990 1791 2050 1834 81
2098 1794 2140 1833 Χ
2182 1789 2313 1833 3021

1827 1855 2323 1917 *Τ-

317 1965 543 2019 156609,
589 1957 808 2026 ideoque
849 1956 1138 2007 differentia
1176 1956 1485 2026 gravitatum
1525 1956 1657 2007 Solis
1701 1956 1756 2006 in
1799 1957 2079 2008 Saturnum
2114 1964 2166 2006 et
2200 1955 2344 2007 Jovis
2380 1955 2435 2004 in

317 2048 600 2099 Saturnum
636 2056 715 2097 est
751 2046 817 2097 ad
855 2045 1160 2116 gravitatem
1196 2045 1339 2096 Jovis
1376 2045 1431 2094 in
1471 2045 1644 2097 Solem
1682 2054 1741 2095 ut
1771 2051 1837 2096 65
1870 2043 1936 2094 ad
1966 2050 2170 2095 156609
2198 2061 2287 2093 5611
2319 2050 2339 2094 1
2373 2042 2439 2092 ad

314 2142 473 2188 2409.
551 2135 696 2187 Huic
734 2143 906 2185 autem
944 2134 1245 2185 differentiae
1281 2134 1678 2202 proportionalis
1716 2142 1793 2184 est
1826 2133 2051 2184 maxima
2091 2133 2298 2184 Saturni
2332 2131 2438 2183 effl-

312 2227 451 2277 cacia
493 2227 561 2278 ad
604 2225 1014 2294 perturbandum
1051 2234 1249 2275 motum
1293 2225 1451 2286 Jovis,
1504 2234 1555 2275 et
1603 2233 1879 2292 propterea
1925 2222 2244 2291 perturbatio
2294 2221 2435 2271 orbis

316 2315 349 2367 J
352 2314 529 2365 ovialis
561 2312 715 2383 longe
739 2314 909 2363 minor
934 2321 1010 2363 est
1035 2311 1190 2381 quam
1215 2332 1275 2364 ea
1304 2313 1544 2365 Saturnii.

312 1815 593 1867 Saturnum
627 1823 678 1864 et
702 1812 845 1864 Jovis
869 1813 923 1862 in
952 1812 1125 1863 Solem
1156 1822 1274 1863 sunt
1298 1812 1403 1863 fere
1426 1822 1485 1864 ut
1513 1820 1594 1875 16,
1631 1820 1691 1864 81
1724 1822 1775 1863 et
2344 1831 2433 1863 seu

1627 2312 1966 2381 Reliquorum
1998 2311 2202 2361 orbium
2236 2319 2440 2378 pertur-

314 2406 547 2456 bationes
574 2413 695 2455 sunt
720 2402 890 2453 adhuc
914 2401 1069 2472 longe
1095 2403 1318 2453 minores
1348 2400 1408 2470 (f)
1429 2419 1774 2470 preterquam
1800 2400 1938 2470 quod
1963 2400 2100 2451 orbis
2121 2399 2304 2450 Terrae
2329 2418 2443 2450 sen-

318 2496 530 2547 sibiliter
554 2494 888 2563 perturbatur
913 2513 943 2543 a
982 2493 1150 2545 Luna.
1227 2493 1290 2560 (g)
1323 2493 1612 2543 Commune
1638 2500 1872 2542 centrum
1897 2489 2159 2560 gravitatis
2186 2489 2368 2540 Terrae
2394 2497 2446 2539 et

321 2585 504 2645 Lunae,
546 2582 751 2650 ellipsin
789 2582 983 2632 circum
1018 2580 1195 2631 Solem
1231 2580 1287 2630 in
1315 2580 1560 2630 umbilico
1586 2579 1811 2647 positu-m
1836 2578 2105 2646 percurrit,
2135 2587 2185 2628 et
2208 2577 2354 2627 radio
2380 2577 2447 2627 ad

324 2671 497 2724 Solem
534 2669 690 2720 ducto
727 2686 870 2719 areas
908 2668 962 2717 in
1000 2666 1179 2718 eadem
1206 2667 1522 2734 temporibus
1546 2665 1956 2734 proportionales
1982 2664 2239 2726 describit,
2281 2663 2446 2714 Terra

322 2760 445 2813 vero
472 2761 665 2812 circum
689 2758 791 2811 hoc
815 2768 1049 2810 centrum
1076 2775 1347 2808 commune
1372 2766 1518 2807 motu
1544 2766 1808 2807 menstruo
1834 2754 2123 2805 revolvitur.

329 2971 433 3064 V(¹²)
457 2975 480 3075 ’Ξ
505 2974 595 3011 Erit
617 2972 780 3021 gravitas
808 2972 969 3010 Saturni
997 2972 1041 3009 in
1058 2972 1181 3010 Jovevr
1218 2968 1356 3021 (Prop.

380 3078 435 3130 (⁰)
459 3081 480 3102 ¹*
505 3081 582 3117 Pro
607 3079 706 3116 vario
732 3079 808 3115 situ
828 3078 1002 3125 planetae.
1066 3076 1277 3113 Saturnum
1303 3073 1363 3110 his

324 3130 673 3180 perturbationibus
690 3129 900 3167 obnoxium
923 3140 1003 3165 esse
1029 3135 1134 3175 patet
1162 3130 1248 3178 (per
1270 3127 1358 3164 Cor.

327 3190 364 3222 6.
388 3188 424 3223 7.
449 3189 483 3221 8.
503 3189 539 3222 9.
567 3183 681 3231 Prop.
708 3181 870 3219 LXVI.
897 3181 984 3218 Lib.
1012 3181 1083 3229 L).

382 3237 434 3286 (⁶)
457 3239 477 3261 ¹*
502 3239 625 3274 Error
651 3243 781 3273 tamen
805 3236 939 3272 omm‘s.
1003 3233 1041 3270 Si
1069 3228 1117 3269 ad
1142 3231 1363 3269 evitandum

328 3301 484 3326 omnem
515 3287 594 3326 fere
626 3300 804 3330 errorem,
839 3287 939 3323 orbis
970 3285 1123 3323 Saturni
1158 3283 1364 3321 umbilicus

330 3342 416 3388 [per
446 3341 560 3388 Prop.
595 3341 784 3378 LXVII.
821 3340 907 3377 Lib.
934 3338 992 3387 1.)
1021 3338 1168 3374 locetur
1192 3335 1233 3372 in
1257 3347 1361 3372 com-

329 3393 440 3430 muni
472 3401 603 3430 centro
636 3392 831 3444 gravitatis
860 3392 969 3431 Jovis
1000 3397 1038 3428 et
1072 3389 1181 3433 Solis,
1218 3388 1364 3426 theoria

333 3445 487 3483 Saturni
515 3444 629 3494 juxta
653 3448 751 3483 hanc
777 3444 1019 3494 hypothesim
1046 3442 1251 3480 constituta
1275 3440 1365 3477 satis

329 3496 504 3535 accurate
523 3499 700 3546 congruit
717 3510 805 3535 cum
826 3495 1099 3545 phaenomeni&
1129 3492 1182 3531 ita
1199 3501 1244 3530 ut
1262 3504 1366 3530 error

330 3550 397 3600 qui
429 3563 475 3587 ex
507 3548 579 3586 hac
606 3550 806 3599 hypothesi
833 3550 964 3592 oritur,
990 3548 1057 3585 ubi
1082 3546 1273 3584 maximus
1298 3552 1366 3589 est,

331 3603 393 3639 vix
413 3610 565 3650 superet
583 3606 736 3640 minuta
752 3602 832 3638 duo
851 3602 985 3650 prima,
1003 3608 1041 3638 et
1055 3611 1159 3637 error
1177 3597 1370 3635 maximus

330 3655 372 3691 in
392 3663 500 3692 motu
520 3654 647 3692 medio
665 3655 726 3691 vix
748 3655 906 3692 minutis
924 3654 1076 3692 duobus
1093 3652 1227 3700 primis
1245 3663 1370 3688 annu-

332 3707 425 3745 atim
453 3708 574 3757 major
600 3709 829 3744 observetur.
892 3707 1000 3743 Hinc
1025 3718 1102 3742 non
1126 3716 1261 3753 parum
1279 3714 1371 3740 con-

333 3760 533 3797 firmantur
560 3772 605 3796 ea
622 3765 709 3808 quae
727 3759 774 3796 de
793 3758 932 3795 mutua
955 3759 1195 3807 planetarum
1223 3765 1373 3805 pertur-

334 3812 486 3850 batione
504 3813 689 3850 hactenus
706 3811 807 3849 dicta
825 3818 927 3848 sunt.

1469 2968 1525 3020 (ε)
1548 2969 1569 2992 *
1593 2969 1643 3006 In
1663 2966 1925 3016 conjunctione
1941 2970 2067 3004 aulem
2086 2964 2197 3003 Jovis.
2253 2959 2448 3005 Quoniam

1415 3021 1457 3058 in
1484 3020 1754 3070 conjunctione
1780 3018 1889 3057 Jovis
1915 3024 1953 3054 et
1981 3015 2149 3060 Saturni,
2177 3013 2357 3051 distantia
2381 3014 2447 3050 Sa-

1415 3073 1520 3111 turni
1538 3086 1561 3109 a
1583 3072 1681 3117 Sole,
1707 3070 1860 3109 Saturni
1879 3083 1901 3107 a
1915 3070 2024 3114 Jove,
2045 3075 2083 3105 et
2097 3067 2124 3105 J
2126 3067 2206 3104 ovis
2220 3079 2243 3103 a
2258 3065 2347 3103 Sole
2360 3073 2450 3103 sunt

1415 3127 1515 3163 inter
1533 3137 1572 3161 se
1590 3129 1635 3161 ut
1655 3130 1690 3170 9,
1711 3129 1736 3161 4
1754 3130 1793 3160 et
1812 3127 1849 3168 5,
1869 3121 2027 3165 circiter,
2044 3119 2246 3170 gravitates
2264 3118 2449 3156 accelera-

1417 3179 1528 3216 trices
1550 3176 1647 3214 Solis
1674 3177 1715 3213 in
1745 3176 1966 3219 Saturnum,
1997 3173 2104 3212 Jovis
2122 3172 2163 3208 in
2186 3172 2394 3209 Saturnum
2413 3178 2452 3208 et

1416 3264 1524 3306 Jovis
1542 3263 1583 3300 in
1606 3261 1732 3301 Solem
1751 3266 1864 3298 erunt
1882 3265 1926 3295 ut
1942 3230 2007 3329 -81-1,
2029 3230 2079 3329 -11--6
2098 3264 2136 3294 et
2149 3228 2247 3327 ΒΞΞῙ

1423 3357 1455 3390 1.
1509 3350 1624 3397 Prop.
1675 3345 1830 3394 VIII.)
1884 3346 1957 3383 hoc
1997 3350 2069 3389 pst,
2116 3351 2162 3380 ut
2210 3346 2269 3388 16,
2319 3342 2366 3377 81
2415 3346 2453 3376 et

2267 3257 2352 3308 (per
2365 3255 2452 3293 Cor.

1420 3409 1467 3441 16
1490 3408 1530 3447 ><
1555 3405 1597 3438 81
1633 3405 1673 3445 ><
1704 3403 1803 3437 3021

1588 3472 1638 3505 25

1476 3540 1532 3592 (f)
1556 3543 1575 3563 ⁶
1601 3542 1858 3588 Proeterquam
1877 3537 1976 3586 quod
1994 3535 2087 3571 orbis
2112 3535 2249 3570 Terrae.
2311 3528 2456 3566 Orbem

1426 3595 1556 3632 Terrae
1583 3591 1809 3629 sensibiliter
1833 3587 2042 3637 perturbari
2062 3600 2085 3623 a
2104 3582 2221 3624 Luna
2238 3580 2457 3619 ostendetur

1425 3647 1603 3694 deinceps
1620 3643 1688 3681 ubi
1706 3645 1761 3680 vis
1782 3643 1908 3680 Lunae
1927 3640 2142 3678 definietur.

1485 3750 1541 3802 (Β)
1568 3753 1588 3774 ¹*
1615 3753 1821 3788 Commune
1851 3753 2025 3785 centrum
2048 3741 2240 3793 gravitatis
2274 3740 2401 3777 Terrae
2425 3743 2460 3775 ee

1429 3806 1569 3844 Luuae.
1629 3802 1766 3854 (Prop.
1793 3799 1928 3838 LXV.
1961 3797 2047 3835 Lib.
2074 3793 2131 3844 Ι.)
