2528 4172
583 263 899 316 FLUXUS
938 264 1039 316 AC
1079 263 1502 316 REFLUXUS
1543 261 1806 315 MARIS.
2162 269 2266 318 257

122 403 427 471 paradoxon
469 403 718 467 videatur,
766 404 906 474 quod
949 405 1025 455 vis
1071 403 1239 456 Lunae
1281 404 1336 455 in
1379 403 1541 471 priori
1580 421 1702 455 casu
1738 410 1978 470 respectu
2016 401 2090 452 vis
2132 402 2266 454 Solis

124 505 411 559 evanescat,
440 494 560 547 cum
584 506 755 548 tamen
780 495 960 547 eadem
987 514 1108 546 casu
1145 493 1422 564 posteriori
1457 493 1679 545 multum
1717 492 1933 545 excedat
1970 491 2072 542 vim
2110 491 2261 544 Solis.

124 587 229 639 Sed
264 605 405 650 mox,
445 585 565 639 cum
601 587 813 639 effectus
850 587 1116 655 utriusque
1151 585 1355 657 generis
1394 582 1693 655 diligentius
1724 583 2023 636 evolvemus
2057 592 2109 634 et
2142 600 2263 650 per-

119 676 421 744 pendemUS,
451 677 571 728 satis
597 674 822 728 dilucide
847 675 1058 743 patebit,
1087 693 1176 726 eos
1212 675 1347 725 inter
1374 692 1428 724 se
1453 671 1677 724 maxime
1701 671 2012 740 discrepare,
2053 681 2206 741 atque
2233 690 2264 722 a

118 768 183 829 vi,
213 786 330 836 quae
355 768 409 818 in
434 769 727 819 universam
753 767 974 819 Terram
1003 767 1275 819 minimum
1302 774 1480 817 exerat
1499 765 1758 828 effectum,
1786 765 2067 816 maximam
2087 776 2261 816 tamen

116 855 448 926 agitationem
472 855 699 924 partium
725 855 908 907 Terrae
934 856 1069 907 inter
1094 875 1149 908 se
1173 854 1300 907 oriri
1328 872 1483 923 posse
1507 863 1559 906 et
1583 853 1825 905 vicissim.

187 950 226 1011 ᾗ.
256 950 337 1000 17.
377 945 465 997 Ad
490 945 637 999 illum
661 954 830 996 autem
859 945 1046 996 harum
1072 946 1258 997 virium
1282 944 1540 1007 effectum,
1575 942 1663 1013 qui
1687 942 1742 993 in
1768 941 2115 994 commotione
2139 959 2260 1010 par-

115 1035 244 1086 tium
283 1035 465 1087 Terrae
502 1036 637 1087 inter
675 1055 730 1088 se
768 1037 1015 1100 consistit,
1057 1036 1462 1106 dijudicandum,
1505 1045 1625 1087 ante
1672 1035 1846 1087 omnia
1882 1033 2048 1104 probe
2091 1034 2261 1086 notari

116 1136 339 1195 oportet,
380 1128 423 1178 si
460 1127 679 1198 singulae
719 1128 902 1179 Terrae
938 1139 1111 1198 partes
1148 1129 1343 1181 viribus
1381 1128 1667 1199 aequalibus
1705 1138 1759 1181 et
1797 1128 1852 1179 in
1890 1127 2259 1179 directionibus

115 1216 255 1268 inter
280 1235 334 1268 se
358 1217 618 1285 parallelis
645 1218 999 1283 sollicitentur,
1018 1239 1082 1272 eo
1106 1238 1229 1272 casu
1254 1220 1450 1272 nullam
1477 1223 1690 1273 omnino
1715 1219 2115 1273 commotionem
2139 1235 2260 1287 par-

114 1307 244 1359 tium
274 1308 417 1373 oriri,
443 1310 642 1363 etiamsi
668 1313 771 1364 sint
794 1311 1019 1363 maxime
1044 1311 1218 1363 fluidae
1244 1311 1491 1382 nulloque
1516 1310 1724 1364 vinculo
1749 1311 1968 1363 invicem
1990 1327 2258 1371 connexae,

114 1398 206 1453 sed
233 1409 402 1452 totum
439 1402 628 1453 virium
665 1402 904 1454 effectum
941 1402 998 1453 in
1034 1403 1238 1473 integro
1264 1412 1465 1454 tantum
1490 1420 1711 1471 corpore
1736 1400 1995 1453 movendo
2021 1418 2257 1451 consum-

114 1500 224 1540 tum
248 1490 343 1552 iri3
380 1490 597 1558 perinde
621 1510 682 1542 ac
707 1492 750 1542 si
775 1501 941 1543 totum
968 1492 1151 1543 Terrae
1177 1510 1364 1560 corpus
1390 1493 1470 1544 vel
1495 1493 1549 1543 in
1576 1493 1730 1544 unico
1754 1502 1952 1561 puncto
1976 1501 2111 1543 esset
2136 1510 2259 1543 con-

117 1581 309 1643 flatum,
352 1582 436 1633 vel
474 1601 540 1633 ex
575 1582 790 1635 materia
830 1582 1125 1634 firmissime
1162 1583 1296 1635 inter
1334 1602 1389 1636 se
1426 1583 1660 1636 connexa
1688 1593 1963 1635 constaret.
2044 1583 2127 1634 Ex
2155 1601 2259 1652 quo

118 1672 446 1723 manifestum
483 1682 561 1724 est
596 1683 771 1742 partes
800 1673 984 1724 Terrae
1012 1674 1193 1725 saltem
1218 1674 1420 1738 fluidaS,
1462 1694 1579 1745 quae
1615 1674 1811 1726 viribus
1838 1674 2024 1727 cedere
2050 1684 2257 1744 queant,
2285 1731 2288 1735 ,

112 1764 245 1815 inter
291 1784 345 1816 se
385 1767 702 1817 commoveri
743 1785 850 1817 non
891 1785 1059 1836 posse,
1106 1767 1205 1818 nisi
1249 1787 1280 1819 a
1321 1768 1517 1820 viribus
1560 1766 1896 1818 dissimilibus
1940 1776 2257 1837 urgeantur:

114 1864 268 1924 atque
304 1855 440 1907 hanc
477 1857 545 1907 ob
582 1875 693 1908 rem
729 1876 835 1909 non
862 1858 1167 1929 magnitudo
1192 1859 1379 1910 virium
1415 1870 1589 1929 partes
1631 1859 1815 1911 Terrae
1853 1858 2257 1920 sollicitantium,

113 1943 205 1995 sed
229 1942 403 2011 potius
430 1945 810 2009 dissimilitudo,
840 1946 939 2016 qua
965 1945 1085 1998 cum
1112 1948 1408 2017 quantitatis
1443 1946 1554 2000 ttim
1580 1947 1875 1999 directionis
1901 1947 2100 1999 ratione
2125 1947 2261 1999 inter

114 2052 167 2085 se
193 2034 504 2104 discrepant,
531 2054 649 2087 eum
676 2037 931 2101 effectum,
973 2057 1075 2108 quo
1101 2039 1226 2090 situs
1251 2040 1477 2108 partium
1505 2051 1712 2092 mutuus
1749 2040 2096 2109 perturbetur,
2136 2058 2259 2108 pro-

112 2123 268 2177 ducit.
348 2126 430 2177 Ita
472 2126 548 2178 vis
594 2127 745 2191 Solis,
789 2128 883 2180 etsi
927 2138 1005 2180 est
1047 2129 1290 2193 maxima,
1337 2140 1511 2182 tamen
1554 2131 1622 2181 ob
1661 2130 1918 2201 insignem
1963 2130 2258 2182 distantiam

108 2224 281 2283 partes
310 2215 493 2267 Terrae
518 2215 625 2267 sere
651 2216 919 2287 aequaliter
945 2217 1114 2280 afficit,
1145 2216 1325 2269 contra
1350 2218 1473 2269 verb
1500 2218 1576 2270 vis
1604 2219 1773 2270 Lunae
1800 2219 1867 2270 ob
1900 2219 2257 2288 propinquita-

110 2314 215 2356 tem
242 2303 524 2356 admodum
553 2305 906 2375 inaequaliter:
946 2306 1084 2358 unde
1110 2326 1141 2358 a
1167 2306 1320 2358 Luna
1346 2306 1512 2358 multo
1538 2309 1701 2377 major
1725 2307 1937 2378 agitatio
1963 2308 2142 2359 oceani
2177 2326 2257 2358 re-

113 2393 286 2457 sultat,
334 2392 489 2463 quam
528 2413 560 2445 a
602 2395 738 2458 Sole,
785 2395 1016 2465 quamvis
1048 2414 1109 2447 ea
1151 2396 1244 2460 vis,
1286 2415 1403 2466 quae
1440 2395 1508 2448 ad
1550 2397 1723 2448 Solem
1762 2396 1944 2459 tendit,
1986 2396 2258 2468 insigniter

109 2486 274 2554 major
315 2487 380 2537 sit
421 2485 580 2538 altera
624 2487 832 2538 Lunam
874 2487 1197 2555 respiciente.
1291 2488 1468 2557 Atque
1519 2487 1623 2539 hoc
1672 2497 1828 2555 pacto
1877 2487 2092 2539 dubium
2135 2487 2255 2539 ante

109 2573 323 2625 allatum
362 2572 595 2625 funditus
639 2573 851 2637 tollitur,
897 2573 1102 2643 hocque
1143 2572 1313 2625 adhuc
1356 2574 1560 2642 planius
1611 2573 1718 2637 fiet,
1771 2574 1814 2625 si
1864 2574 2129 2643 utriusque
2179 2576 2253 2625 vis

109 2663 319 2716 effectus
347 2664 414 2715 ad
439 2664 693 2715 calculum
717 2664 1089 2716 revocabimus.

180 2760 218 2822 §.
251 2763 332 2807 18.
373 2755 461 2806 Ad
503 2754 905 2825 inaequalitatem
946 2755 1104 2826 igitur
1142 2756 1328 2807 virium
1368 2756 1555 2826 quibus
1594 2755 1813 2828 singulae
1853 2756 2039 2808 Terrae
2079 2766 2251 2824 partes

108 2844 191 2896 vel
232 2864 263 2895 a
304 2844 423 2896 Sole
462 2844 544 2895 vel
583 2863 614 2895 a
653 2844 806 2896 Luna
843 2843 1198 2907 sollicitantur,
1239 2843 1605 2907 definiendam,
1646 2834 1765 2895 ante
1790 2845 1964 2896 omnia
1989 2845 2108 2907 vim,
2151 2845 2250 2915 quii

110 2933 347 2985 universa
373 2932 556 2996 Terra,
599 2932 641 2983 si
678 2932 732 2983 in
770 2951 862 2984 suo
900 2942 1078 2985 centro
1113 2932 1377 3004 gravitatis
1404 2943 1536 2985 esset
1562 2942 1906 2995 concentrata,
1943 2933 2247 2996 afficeretur,

109 3024 438 3077 determinari
464 3034 684 3094 oportet,
723 3025 939 3095 haecque
964 3035 1041 3078 est
1066 3043 1127 3076 ea
1152 3025 1261 3094 ipsa
1286 3024 1378 3088 νίς,
1419 3042 1537 3094 quae
1564 3024 1747 3076 Terrae
1776 3034 1975 3076 motum
2008 3041 2249 3095 progres-

108 3114 272 3166 sivum
297 3115 352 3167 in
374 3134 469 3167 sua
492 3115 661 3168 orbita
686 3115 895 3186 respicit
920 3125 972 3168 et
996 3115 1197 3178 turbat3
1237 3113 1425 3168 deinde
1450 3115 1827 3185 dispiciendum
1859 3126 1950 3178 est,
1996 3115 2249 3185 quantum

109 3202 258 3268 vires,
299 3204 488 3274 quibus
533 3205 752 3277 singulae
795 3205 977 3257 Terrae
1018 3215 1191 3275 partes
1235 3215 1505 3277 urgentur,
1550 3203 1658 3257 tam
1706 3205 1905 3257 ratione
1950 3206 2247 3275 quantitatis

108 3294 263 3365 quam
288 3295 586 3348 directionis
612 3297 677 3348 ab
715 3295 801 3348 illa
826 3296 879 3348 vi
914 3296 1060 3349 totali
1085 3296 1394 3366 discrepent.
1472 3295 1633 3358 Quod
1660 3294 1703 3348 si
1727 3296 1867 3348 enim
1891 3295 2036 3348 nulla
2060 3296 2246 3366 depre—

104 3384 363 3437 hendatur
388 3385 693 3449 differentia,
733 3396 905 3455 partes
943 3404 1151 3456 quoque
1181 3385 1398 3456 singulae
1423 3385 1579 3438 situm
1617 3402 1770 3438 suum
1806 3384 2076 3438 relativum
2112 3386 2246 3438 inter

107 3493 163 3528 se
207 3476 529 3538 retinebunt3
586 3486 639 3528 at
678 3476 782 3547 quo
825 3478 989 3548 major
1032 3478 1130 3529 erit
1173 3477 1463 3529 differentia
1506 3478 1640 3529 inter
1682 3478 1815 3529 vires
1859 3477 1970 3529 illas
2016 3477 2243 3549 singulas

107 3574 279 3633 partes
305 3564 652 3629 sollicitantes,
680 3565 747 3616 eo
770 3568 934 3639 magis
960 3586 1034 3619 eae
1059 3567 1192 3618 inter
1213 3586 1266 3618 se
1286 3567 1764 3631 commovebuntur,
1794 3568 1947 3620 situm
1974 3569 2243 3621 relativum

105 3656 486 3724 permutabunt.
563 3657 628 3709 In
663 3656 763 3710 hac
799 3644 972 3712 autem
1014 3660 1424 3730 investigatione,
1468 3659 1623 3711 simul
1665 3661 1930 3731 gravitatis
1974 3662 2240 3722 naturalis,

108 3744 208 3815 qua
247 3745 418 3797 omnia
456 3763 675 3815 corpora
710 3745 887 3799 versus
924 3758 1158 3801 centrum
1196 3748 1378 3799 Terrae
1416 3748 1651 3812 tendunt,
1697 3733 1829 3801 ratio
1865 3761 1942 3802 est
1973 3749 2212 3801 habenda
2227 3769 2242 3809 3

51 3883 66 3888 ,Α
107 3833 222 3910 haee
265 3837 402 3889 enim
444 3837 521 3888 vis
561 3838 615 3888 in
657 3856 810 3889 causa
853 3848 943 3901 est,
991 3837 1130 3908 quod
1171 3839 1496 3908 quantumvis
1539 3839 1673 3892 vires
1720 3840 1852 3894 Solis
1891 3851 1942 3892 et
1980 3840 2147 3891 Lunae
2186 3838 2240 3888 in

196 3924 204 3929 ⁰
1131 3927 1168 3966 T
1185 3933 1212 3968 5
