2528 4172
270 303 307 336 x
1063 278 1616 331 INTRODUCTIO
2160 275 2320 349 [Cn.
2350 276 2393 328 Ι.

261 429 314 478 in
334 428 437 478 duo
461 423 838 493 hemisphaeria,
866 422 1074 474 boreale
1093 421 1165 473 AE
1191 422 1235 473 P
1254 423 1325 485 Q,
1347 422 1403 472 in
1429 441 1534 492 quo
1560 430 1638 473 est
1659 420 1812 490 polus
1837 418 2059 471 borealis
2087 419 2164 484 P;
2203 432 2254 473 et
2278 441 2397 474 aus-

261 515 389 566 trale
414 514 487 565 AE
511 532 548 581 p
576 512 645 575 Q,
673 513 728 562 in
753 529 856 580 quo
884 521 962 561 est
986 510 1138 578 polus
1164 510 1401 561 australis
1425 529 1478 578 p.
1598 571 1625 594 ᾗ
1887 515 1892 521 ’

332 611 380 654 3.
423 600 595 653 Stellae
620 598 853 668 singulae,
880 607 939 648 ut
966 598 1021 659 S,
1050 598 1106 648 in
1131 597 1334 649 circulis
1365 599 1401 650 S
1431 599 1468 650 S
1494 598 1747 668 aequatori
1767 597 1841 650 AE
1870 598 1924 659 Q
1948 596 2225 666 paralleliS,
2254 615 2396 649 com-

259 693 403 744 muni
429 692 646 759 sphaerae
674 689 893 740 coelestis
917 698 1064 739 motu
1089 688 1282 739 revolvi
1307 688 1535 757 quotidie
1561 688 1816 740 videntur.
1892 690 2039 741 Fioece
2061 688 2396 740 nominantur

178 766 180 768 V
261 802 378 853 quae
415 782 631 832 eandem
669 781 805 830 inter
842 797 952 829 sese
989 777 1286 829 distantiam
1319 776 1574 847 perpetuo
1601 787 1837 839 servant3
1876 779 2108 828 erraticae
2142 776 2265 828 vero
2305 796 2395 828 seu

251 874 475 940 planete&
502 879 752 921 vocantur
789 886 906 937 quae
938 866 1206 918 distantias
1233 873 1349 918 suas
1374 885 1405 917 a
1430 866 1547 916 fixis
1573 865 1628 916 in
1654 866 1762 917 dies
1788 875 1991 917 mutant
2021 874 2071 916 et
2095 875 2240 916 motu
2271 884 2395 933 prc-

258 961 375 1030 prio
423 960 546 1011 ferri
588 958 989 1027 conspiciuntur.
1116 956 1347 1008 Planetae
1403 963 1522 1006 sunt
1575 964 1771 1023 septem
1821 954 1924 1005 suis
1967 955 2191 1022 propriis
2236 954 2395 1025 signis

257 1048 437 1111 notati,
476 1047 713 1099 videlicet
753 1044 845 1098 Sol
883 1047 951 1108 Θ,
1005 1044 1159 1096 Luna
1221 1048 1278 1107 D,
1329 1042 1624 1095 Mercurius
1680 1045 1739 1105 ἒξ,
1792 1043 1972 1094 Venus
2023 1047 2080 1105 52,
2136 1041 2283 1094 Mars
2329 1045 2392 1106 ὃ,

258 1128 463 1204 Jupiter
489 1137 537 1186 2ss
568 1143 619 1185 et
647 1135 899 1186 Saturnus
933 1135 969 1185 b
998 1151 1013 1193 3
1054 1132 1237 1182 Terrae
1261 1129 1385 1181 vero
1411 1131 1617 1200 signum
1642 1139 1719 1181 est
1741 1129 1844 1181 hoc
1881 1129 1940 1181 ὃ.
2255 1189 2263 1197 ‚

330 1232 380 1275 4.
417 1224 674 1290 Eclz'ptica
711 1207 787 1273 est
822 1220 1043 1272 circulus
1084 1219 1302 1288 sphaerae
1335 1219 1594 1269 maximus
1628 1236 1782 1287 quem
1820 1227 2053 1269 centrum
2083 1219 2214 1271 Solis
2247 1229 2394 1275 motu

258 1314 473 1384 proprio
499 1313 565 1364 ab
591 1330 777 1363 occasu
803 1311 869 1362 ad
895 1320 1070 1362 ortum
1107 1309 1321 1380 singulis
1359 1308 1507 1359 annis
1545 1306 1834 1358 describere
1858 1307 2078 1359 videtur.
2156 1308 2265 1360 Hic
2281 1309 2396 1376 ⁴cir-

260 1403 407 1455 culus
455 1409 772 1472 aequatorem
809 1399 1018 1469 oblique
1055 1399 1329 1450 intersecat
1370 1397 1465 1448 sub

261 1492 453 1564 angulo
495 1490 842 1543 inclinationis
886 1489 960 1540 AE
1002 1488 1053 1540 T
1106 1488 1168 1551 C,
1208 1488 1468 1558 graduum

262 1586 366 1649 233
425 1581 642 1633 circiter.
745 1579 947 1630 Puncta
991 1577 1096 1629 duo
1139 1577 1377 1645 opposita
1414 1577 1470 1627 in

262 1673 449 1743 quibus
492 1678 725 1739 aequator
768 1681 820 1719 et
861 1667 1095 1735 ecliptica
1138 1685 1247 1717 sese
1288 1665 1471 1718 mutuo

263 1771 452 1823 secant,
498 1759 870 1827 aequinoctialia
906 1757 1149 1808 dicuntur
1175 1755 1316 1826 quod
1352 1755 1472 1807 Sole

262 1851 319 1902 in
352 1850 414 1900 iis
447 1848 616 1917 posito
654 1847 763 1898 dies
800 1846 991 1916 ubique
1034 1856 1290 1898 terrarum
1331 1845 1472 1896 nocti
1557 1891 1561 1893 .

262 1939 475 2010 aequalis
502 1938 583 2001 sit,
612 1946 663 1988 et
687 1935 809 1987 inde
835 1945 1038 2004 tempus
1065 1954 1168 2005 quo
1193 1935 1285 1987 Sol
1307 1952 1472 2003 punc-

262 2041 375 2081 tum
409 2028 711 2080 alterutrum
735 2024 1093 2095 aequinoctiale
1119 2025 1341 2095 attingit,
1383 2043 1473 2076 vo-

265 2130 412 2172 catur
455 2114 840 2185 aequinoctium.
916 2114 1176 2166 Punctum
1213 2114 1473 2184 aequinoc-

262 2209 381 2259 tiale
417 2205 624 2257 vernale
658 2212 735 2255 est
771 2201 910 2254 unde
954 2202 1046 2255 Sol
1080 2211 1226 2254 motu
1258 2204 1473 2272 proprio

260 2297 435 2349 versus
465 2295 646 2364 polum
678 2292 939 2344 borealem
965 2292 1195 2343 ascendit
1224 2293 1279 2343 in
1316 2293 1472 2362 eclip-

260 2387 378 2450 tica,
409 2385 703 2438 autumnale
727 2382 849 2435 vero
876 2382 1014 2434 unde
1040 2382 1130 2434 Sol
1156 2382 1332 2434 versus
1356 2383 1542 2452 polum
1573 2385 1851 2437 australem
1869 2385 2151 2450 descendit,
2179 2388 2402 2459 ideoque

263 2475 632 2546 aequinoctium
665 2481 742 2524 est
775 2471 983 2524 vernale
1019 2471 1100 2521 vel
1127 2471 1442 2523 autumnale.
1524 2472 1726 2524 Puncta
1761 2475 2049 2525 solstitialia
2088 2485 2207 2527 sunt
2243 2477 2401 2547 eclip-

262 2569 378 2618 ticae
403 2575 597 2634 puncta
622 2564 727 2614 duo
754 2561 993 2631 opposita
1012 2579 1128 2631 quae
1155 2580 1184 2612 a
1203 2561 1410 2630 punctis
1433 2561 1876 2631 aequinoctialibus
1901 2573 2012 2614 toto
2038 2564 2218 2616 circuli
2239 2567 2402 2635 quad-

261 2666 409 2709 rante
460 2656 665 2715 distant,
707 2671 925 2722 quaeque
961 2650 1185 2720 proinde
1223 2649 1452 2702 maxime
1476 2650 1726 2702 recedunt
1754 2651 1821 2702 ab
1846 2662 2109 2720 aequatore
2134 2663 2186 2704 et
2209 2655 2265 2705 in
2289 2657 2402 2726 qui-

261 2748 360 2798 bus
386 2763 627 2797 ascensus
657 2743 791 2795 Solis
811 2741 967 2810 supra
985 2751 1303 2811 aequatorem
1323 2751 1373 2793 et
1391 2741 1667 2792 descensus
1687 2740 1818 2792 infra
1843 2742 2063 2793 eundem
2082 2745 2401 2800 terminatur.

266 2835 479 2888 Horum
514 2841 827 2902 punctorum
864 2831 1007 2899 prius
1044 2829 1283 2882 aestivum
1330 2828 1625 2898 appellatur
1664 2847 1769 2899 quo
1813 2829 2058 2881 nimirum
2101 2834 2406 2886 terminatur

268 2923 401 2976 Solis
427 2939 666 2973 ascensus
693 2918 850 2988 supra
874 2928 1224 2986 aequatorem3
1262 2917 1517 2987 posterius
1553 2917 1787 2968 brumale
1813 2917 1895 2968 vel
1919 2916 2227 2986 hybernum.
2303 2922 2404 2974 Di..

265 3021 452 3063 cuntur
490 3008 773 3061 solstitialia
797 3007 938 3077 quod
967 3007 1087 3060 Sole
1123 3007 1178 3058 in
1215 3006 1277 3058 iis
1312 3015 1566 3069 versante,
1603 3024 1698 3074 per
1740 3005 1937 3075 aliquot
1971 3007 2080 3057 dies
2117 3026 2182 3059 ex
2217 3009 2407 3064 eodem

262 3098 543 3150 horizontis
588 3106 783 3165 puncto
824 3095 964 3158 oriri,
993 3106 1044 3146 et
1069 3113 1098 3147 e
1130 3095 1359 3165 regione,
1386 3094 1441 3144 in
1467 3093 1650 3145 eodem
1672 3103 1869 3162 puncto
1894 3093 2130 3145 occidere
2154 3095 2403 3152 videatur.

267 3190 501 3257 Tempus
541 3205 644 3256 quo
686 3185 777 3238 Sol
807 3193 1002 3254 puncta
1032 3184 1316 3237 solstitialia
1343 3183 1646 3255 ingreditur,
1686 3192 1899 3235 vocatur
1936 3183 2225 3249 solstitium,
2265 3191 2406 3258 quod

266 3276 385 3330 ideo
410 3276 492 3327 vel
517 3275 752 3326 aestivum
778 3274 859 3325 vel
883 3274 1119 3325 brumale
1145 3283 1237 3326 est.
1269 3270 1273 3273 ’

337 3368 542 3445 Signum
585 3368 772 3416 coeleste
815 3374 892 3416 est
934 3364 1241 3416 duode1ima
1281 3382 1403 3433 pars
1447 3363 1701 3432 eclipticae
1737 3372 1789 3414 et
1827 3363 1882 3414 in
1909 3371 1976 3416 30
2001 3364 2194 3434 gradus
2228 3384 2403 3421 rursus

267 3440 528 3508 dividitur.
625 3454 787 3504 Primi
826 3454 959 3525 signi
994 3455 1310 3524 principium
1348 3463 1426 3506 est
1461 3454 1516 3505 in
1552 3463 1748 3523 puncto
1773 3453 2119 3523 aequinoctiali
2143 3458 2338 3510 vernali
2373 3478 2404 3510 a

270 3561 374 3616 quo
411 3542 558 3612 signa
584 3541 649 3592 ab
677 3559 861 3593 occasu
887 3542 942 3593 in
967 3552 1140 3594 ortum
1171 3541 1324 3612 juxt-a
1359 3551 1559 3593 motum
1592 3540 1863 3609 proprium
1891 3541 2024 3593 Solis
2051 3553 2403 3598 numerantur.

274 3632 377 3684 Sex
404 3637 523 3680 sunt
548 3627 773 3679 borealia
796 3646 890 3696 per
914 3629 1176 3681 borealem
1203 3629 1453 3698 eclipticae
1489 3638 1691 3697 partem
1715 3627 2002 3692 distributa,
2030 3629 2211 3699 hisque
2237 3633 2403 3683 nomi-

271 3718 419 3772 nibus
466 3734 526 3768 ae
569 3715 953 3768 characteribus.
989 3716 1287 3788 designata:
1369 3716 1522 3770 Aries
1565 3726 1636 3790 Ὺ,
1690 3716 1896 3768 Taurus
1958 3724 2016 3781 ὅ,
2070 3717 2279 3771 Gemini
2335 3731 2399 3784 Π,
2456 3780 2460 3784 .
