2528 4172
287 279 353 325 86
789 271 1356 325 PHILOSOPHIAE
1396 273 1849 327 NATURALIS
1905 275 2023 339 [DE
2046 275 2248 328 Mum).
2274 278 2424 331 SYs'r.

286 416 363 469 tas
398 417 593 487 prodiit
630 417 812 468 eadem
849 416 994 486 quasi
1031 417 1253 469 duarum
1288 418 1559 471 linearum.
1589 419 1592 422 ’
1637 420 1708 471 Et
1731 419 1847 470 haec
1873 418 2216 488 discrepantia
2240 421 2431 489 partim

287 513 352 563 ab
390 494 651 563 erroribus
686 510 1123 573 observationum,
1167 512 1230 580 (¹¹)
1268 512 1462 580 partim
1499 532 1531 563 a
1566 512 1983 563 dissimilitudine
2012 512 2237 580 partium
2271 513 2430 564 inter-

286 620 473 652 narum
511 602 693 652 Terrae
721 610 772 652 et
797 600 1067 653 altitudine
1103 602 1376 666 montium,
1405 614 1456 654 et
1479 603 1669 671 partim
1697 622 1729 653 a
1754 602 1968 654 diversis
1997 602 2127 653 a'e'ris
2155 603 2428 668 caloribus,

286 695 411 745 oriri
436 693 622 762 potuit.

359 785 524 855 Virga
548 783 715 835 ferrea
738 785 899 854 pedes
923 794 1029 837 tres
1055 786 1230 857 longa,
1259 796 1494 855 tempore
1518 787 1754 858 hyberno
1788 787 1843 838 in
1870 786 2082 859 Anglia,
2122 788 2330 841 brevior
2356 798 2433 841 est

2234 881 2321 933 Ob
2348 901 2432 933 ca-

282 969 419 1021 lores
447 968 543 1019 sub
567 978 830 1038 aequatore
856 967 1118 1020 auferatur
1141 968 1256 1020 haec
1283 969 1540 1039 quantitas
1566 969 1632 1020 de
1652 968 1940 1021 differentia
1965 969 2117 1021 lineae
2138 970 2292 1022 unius
2312 989 2432 1022 cum

285 879 440 949 quam
466 889 702 946 tempore
727 879 923 941 aestivo,
954 878 1099 930 sexta
1124 888 1272 947 parte
1296 879 1448 930 lineae
1474 880 1644 943 unius,
1685 890 1935 949 quantum
1975 880 2156 932 sentio.

285 1060 572 1131 quadrante
609 1079 640 1110 a
680 1058 910 1113 Richero
948 1060 1236 1123 observata,
1277 1070 1328 1112 et
1363 1062 1593 1113 manebit
1627 1062 1764 1113 linea
1805 1067 1935 1130 133:
1987 1081 2104 1132 quae
2141 1082 2259 1115 cum
2296 1064 2432 1116 linea

287 1161 311 1206 1
359 1158 412 1188 87

329 1190 447 1224 1060

284 1247 668 1300 observationes
706 1247 763 1297 in
803 1246 1050 1315 Cayenna
1089 1245 1265 1309 factas,
1306 1245 1521 1316 singulis
1559 1245 1856 1314 septimanis
1892 1263 1988 1313 per
2011 1264 2216 1298 menses
2242 1248 2426 1299 decem

493 1171 588 1221 per
626 1152 882 1204 theoriam
911 1154 1022 1222 jam
1058 1162 1176 1204 ante
1215 1152 1428 1204 collecta
1453 1154 1618 1221 probe
1644 1154 1900 1223 congruit.
1976 1153 2233 1206 Richerus
2260 1166 2434 1208 autem

281 1340 501 1404 iteravit,
543 1350 595 1391 et
630 1339 983 1411 longitudines
1019 1338 1238 1408 penduli
1274 1338 1330 1389 in
1362 1337 1507 1409 virga
1540 1337 1709 1390 ferrea
1735 1338 1808 1389 ibi
1832 1348 2036 1391 notatas
2063 1357 2182 1391 cum
2206 1340 2434 1412 longitu-

283 1432 489 1483 dinibus
516 1433 623 1500 ejus
648 1431 704 1482 in
732 1430 904 1483 Gallia
932 1430 1167 1482 similiter
1191 1430 1382 1482 notatis
1409 1429 1642 1481 eontulit.
1712 1429 1848 1491 Quae
1874 1429 2142 1501 diligentia
2162 1441 2213 1483 et
2233 1433 2433 1484 cautela

282 1527 338 1577 in
363 1526 475 1576 aliis
510 1524 929 1576 observatoribus
964 1523 1188 1575 defuisse
1226 1522 1447 1574 videtur.
1526 1521 1583 1573 Si
1617 1520 1771 1590 hujus
1798 1522 2242 1574 observationibus
2268 1523 2434 1575 fiden-

284 1616 411 1666 dum
445 1624 538 1676 est,
581 1614 642 1682 (⁰)
677 1614 847 1665 Terra
883 1614 1037 1665 altior
1063 1613 1161 1665 erit
1186 1613 1255 1664 ad
1278 1621 1597 1682 aequatorem
1622 1609 1779 1681 quam
1803 1612 1871 1664 ad
1900 1613 2049 1681 polos
2076 1631 2292 1666 excessu
2317 1615 2433 1666 mil-

283 1708 489 1760 liarium
516 1706 868 1776 septendecim
895 1706 1112 1767 circiter,
1141 1713 1201 1757 ut
1225 1721 1382 1774 supra
1406 1721 1501 1772 per
1526 1702 1780 1755 theoriam
1805 1703 2015 1772 prodiit.

339 1873 397 1925 (¹¹)
416 1875 436 1897 ²*
457 1874 610 1911 Partim
627 1886 651 1910 a
670 1873 989 1911 dissimilitudine.
1049 1871 1150 1916 Quae
1170 1869 1218 1909 de
1237 1882 1332 1919 pen-
1392 1869 1540 1920 XIX.)
1568 1868 1733 1921 ide6que
1761 1873 1917 1909 459468
1946 1875 2004 1906 est
2029 1867 2079 1906 ad
2106 1871 2263 1908 441387
2288 1876 2334 1907 ut
2352 1869 2435 1908 dia-

282 1926 468 1964 dulorum
486 1924 795 1976 longitudinibus
809 1926 910 1963 dicta
924 1931 1015 1963 sunt
1032 1924 1074 1961 in
1092 1926 1164 1962 hac
1188 1924 1333 1973 Propo-
1386 1931 1509 1961 meter
1536 1921 1668 1960 versus
1694 1922 1804 1971 polos
1822 1929 1879 1960 est
1898 1922 1945 1960 ad
1965 1921 2198 1959 diametrum
2219 1923 2433 1960 secundum

283 1979 433 2026 sitione,
468 1986 694 2027 supponunt
728 1980 1011 2029 homogeneam
1043 1990 1125 2015 esse
1163 1976 1335 2015 Tellur1s
1386 1984 1632 2027 aequatorem‚
1663 1974 1742 2015 sive
1768 1983 1814 2013 ut
1840 1980 1920 2014 229
1938 1974 1987 2013 ad
2007 1979 2085 2012 230
2109 1975 2297 2023 proxime,
2325 1975 2431 2013 ideo-

282 2033 506 2079 materiam3
536 2031 568 2069 si
599 2030 690 2069 verC)
721 2032 964 2083 homogenea
995 2044 1074 2068 non
1102 2030 1151 2068 sit
1174 2029 1333 2079 ubique,
1385 2042 1461 2080 que
1489 2028 1615 2079 posita
1646 2027 1948 2067 semi-diametro
1980 2028 2017 2065 T
2018 2039 2111 2065 errae
2142 2029 2205 2079 (ut
2236 2028 2277 2064 in
2311 2028 2429 2076 Prop-

282 2086 349 2124 sed
368 2085 497 2135 aliqua
515 2084 564 2122 sit
581 2084 622 2121 in
640 2085 813 2132 partibus
836 2083 997 2122 internis
1018 2085 1148 2122 Terrae
1166 2083 1334 2121 dissimi-

283 2139 420 2184 litudo‚
450 2145 554 2186 patet
582 2137 690 2189 (96.)
719 2137 810 2175 hinc
834 2137 1020 2188 quasdam
1047 2136 1136 2174 oriri
1163 2149 1272 2185 posse
1290 2136 1333 2174 in

282 2192 542 2241 pendulorum
562 2191 873 2241 longitudinibus
899 2190 1209 2241 irregularitates.
1272 2189 1332 2227 Si-

282 2245 416 2282 milem
436 2247 485 2282 ob
504 2257 671 2285 causam.
693 2256 740 2281 ex
759 2244 953 2282 montium
978 2243 1192 2289 altitudine,
1222 2241 1332 2281 valli-

282 2311 352 2336 um
371 2297 533 2336 cavitate
551 2297 829 2347 inaequalitates
847 2297 986 2348 aliquae
1005 2297 1111 2334 nasci
1135 2302 1330 2345 poterunt,

282 2364 352 2400 pro
371 2358 527 2388 excessu
547 2350 651 2388 enim
672 2351 732 2387 vel
759 2350 914 2388 defectu
940 2350 1110 2387 materiae
1128 2350 1333 2399 augebitur

284 2406 343 2442 vel
375 2404 575 2441 minuetur
599 2403 777 2453 gravitas.
840 2403 1163 2442 Observationum
1191 2402 1333 2439 discre-

283 2458 454 2506 pantiam
472 2456 592 2504 repeti
611 2458 725 2493 etiam
746 2470 854 2505 posse
869 2470 892 2494 a
906 2455 1062 2493 diversis
1082 2456 1178 2493 a'eris
1197 2455 1331 2492 calori-

283 2514 356 2549 bus
382 2510 632 2547 manifestum
660 2517 717 2546 est
744 2522 792 2546 ex
817 2508 1143 2548 observationibus
1173 2508 1329 2554 Picarti,

283 2564 321 2602 la
344 2563 461 2606 Hirii‚
484 2570 523 2600 et
541 2575 587 2600 ex
606 2560 700 2600 nota
717 2563 959 2611 praecedenti.
1118 2596 1121 2598 ,

339 2617 394 2669 (⁰)
417 2619 448 2641 ’⁸'
464 2619 584 2654 Terra
604 2618 711 2654 altior
729 2618 811 2655 erit.
865 2616 904 2654 Si
924 2616 1041 2666 hujus
1059 2615 1331 2654 observationi-

282 2672 356 2708 bus
384 2669 584 2707 fidendum
612 2677 680 2715 est,
710 2669 915 2719 longitudo
934 2669 1094 2718 penduli
1113 2670 1184 2705 sub
1204 2682 1332 2718 aequa-

283 2732 365 2761 tore
381 2723 622 2770 superabitur
641 2735 664 2759 a
681 2722 928 2772 longitudine
946 2723 1104 2770 penduli
1125 2722 1332 2771 synchroni

287 2776 514 2814 Parisiensis
542 2789 697 2813 excessu
726 2775 839 2813 lineae
870 2775 988 2813 unius
1017 2785 1056 2814 et
1088 2780 1136 2812 87
1165 2775 1332 2823 partium

283 2829 579 2867 millesimarum
606 2828 732 2876 lineae,
762 2829 927 2879 ideoque
946 2828 1151 2881 longitudo
1169 2828 1331 2879 penduli

846 2886 951 2921 4217

283 2917 355 2954 sub
375 2923 566 2966 aequatore
585 2915 657 2954 erit
675 2921 711 2954 3.
735 2914 822 2964 ped.
981 2914 1049 2952 lin.
1080 2928 1149 2953 seu
1175 2920 1213 2955 5.
1238 2915 1326 2965 ped.

286 3005 322 3040 7.
342 3006 432 3041 468.
456 3002 524 3039 lin.
547 2999 734 3050 proxime,
752 3007 809 3039 est
822 3001 927 3038 enim
945 3001 1151 3052 longitudo
1170 3001 1331 3050 penduli

288 3072 408 3111 Paris.
432 3078 469 3111 5.
492 3073 579 3122 ped.
604 3060 662 3125 8³3-
680 3071 749 3109 lin.
771 3072 837 3109 sed
857 3079 915 3111 est
932 3072 1213 3111 incrementum
1234 3086 1330 3123 pon-

283 3125 383 3163 deris
397 3127 475 3163 sive
493 3128 776 3164 incrementum
796 3125 1050 3177 longitudinis
1066 3127 1226 3174 penduli
1248 3139 1330 3175 per-

283 3179 413 3229 gendo
432 3182 480 3218 ab
499 3188 691 3230 aequatore
709 3179 758 3217 ad
777 3179 887 3228 polos
904 3188 950 3218 ut
968 3178 1077 3216 sinus
1096 3192 1226 3218 versus
1244 3180 1331 3218 lati-

985 3237 1085 3271 1087

984 3303 1086 3337 1000
1259 3265 1327 3303 lin.

283 3264 433 3303 tudinis
458 3265 664 3314 duplicatae
678 3280 691 3313 3
720 3278 765 3304 ac
791 3264 953 3315 proinde
1111 3279 1179 3304 seu
1209 3270 1226 3304 1

282 3355 391 3454 ›ig-gf)
410 3382 481 3421 erit
498 3383 547 3421 ad
566 3383 851 3423 incrementum
878 3383 1134 3436 longitudinis
1153 3383 1333 3433 sub-polo

283 3477 329 3507 ut
352 3473 480 3558 115134
500 3469 547 3506 ad
570 3474 711 3509 20000.
775 3469 910 3515 Quare
929 3470 1214 3509 incrementum
1232 3469 1333 3506 illud

446 3526 552 3559 0406
729 3528 770 3561 91
782 3529 806 3562 9

425 3581 574 3625 11554'

283 3639 456 3690 pondera
473 3653 540 3678 seu
560 3639 822 3689 pendulorum
840 3642 1105 3693 longitudines
1119 3642 1191 3679 sub
1206 3653 1333 3692 aequa-

283 3702 366 3731 tore
385 3700 423 3731 ct
443 3695 515 3731 sub
543 3693 633 3742 polo
652 3694 859 3742 respective
887 3702 924 3734 5.
949 3696 1036 3744 ped.
1063 3699 1183 3734 7.·468
1203 3695 1269 3733 lin.
1295 3701 1334 3732 et

284 3753 320 3784 3,
339 3747 424 3795 ped.
451 3752 568 3785 9538?
590 3747 658 3784 lin.
682 3748 755 3786 hoc
784 3756 841 3786 est
866 3747 1042 3796 proxime
1061 3756 1107 3786 ut
1133 3749 1175 3784 in
1201 3746 1336 3786 tabula

286 3798 557 3838 Newtoniana.
634 3800 709 3838 Sed
741 3798 912 3849 pondera
941 3809 1032 3839 sunt
1062 3800 1255 3850 reciproce
1290 3808 1336 3840 ut

284 3853 475 3891 distantiae
513 3867 535 3891 a
572 3862 703 3891 centro
738 3857 803 3905 (cx
836 3854 1104 3892 demonstratis
1135 3855 1177 3891 in
1212 3854 1328 3904 Prop.

283 3562 341 3592 est
363 3559 379 3592 1
592 3567 659 3592 seu
679 3560 695 3593 l

840 3556 1025 3606 proxime.
1085 3556 1217 3594 Erunt
1241 3553 1335 3605 erg&

1385 2082 1574 2133 praeced.)
1611 2089 1718 2131 patet
1756 2083 1843 2134 (per
1878 2089 1989 2119 notas
2020 2080 2062 2118 in
2094 2079 2258 2118 eandem
2294 2080 2430 2129 Prop.)

1389 2136 1548 2174 Terram
1580 2136 1756 2173 altiorem
1785 2148 1866 2172 esse
1897 2134 1946 2172 ad
1975 2141 2208 2184 aequatorem
2237 2134 2355 2183 quam
2382 2133 2432 2170 ad

1385 2189 1494 2238 polos
1512 2202 1668 2227 excessu
1687 2187 1910 2226 milliarium
1930 2186 2202 2235 septemdecim
2221 2186 2380 2224 circiter.

1441 2248 1503 2282 99.
1531 2243 1685 2282 Clariss.
1719 2242 1773 2279 D.
1801 2240 2002 2290 Campbell
2030 2239 2202 2278 Londini
2228 2241 2271 2277 in
2297 2239 2429 2277 latitu-

1386 2310 1476 2349 dine
1503 2311 1590 2350 510.
1622 2299 1674 2363 ¹3⁰
1701 2320 1739 2349 et
1765 2310 1805 2347 in
1831 2309 2008 2349 Jamaica
2036 2311 2078 2347 in
2107 2310 2309 2348 latitudine
2343 2310 2425 2348 180.

1385 2364 1678 2401 accuratissimis
1705 2363 2033 2401 observationibus
2059 2363 2256 2408 institutis,
2287 2363 2432 2402 invenit

1385 2417 1668 2467 longitudinem
1688 2417 1849 2465 penduli
1865 2416 2047 2465 simplicis
2066 2416 2114 2453 ad
2128 2417 2280 2453 minuta
2294 2429 2431 2454 secun-

1385 2469 1446 2507 dae
1475 2470 1646 2508 Londini
1674 2470 1881 2508 oscillantis
1900 2482 1980 2507 esse
1998 2474 2159 2508 59.129.
2181 2469 2272 2517 poll.
2301 2470 2423 2520 Angl.

1384 2523 1565 2573 idemque
1583 2522 1797 2573 pendulum
1817 2523 1963 2562 tardius
1982 2523 2036 2560 ire
2054 2522 2093 2559 in
2114 2520 2291 2562 Jamaica
2310 2523 2430 2572 quam

1386 2576 1560 2614 Londini
1601 2576 1864 2625 deprehendit,
1902 2576 2087 2614 existente
2124 2574 2340 2613 differentia
2381 2576 2423 2613 1'.

1385 2629 1469 2668 58¹¹.
1507 2630 1629 2679 spatio
1660 2635 1723 2667 24.
1755 2630 1837 2667 hor.
1899 2630 1965 2668 Ex
1996 2629 2057 2667 his
2089 2629 2427 2675 observationibus,

1385 2683 1522 2720 eodem
1544 2696 1622 2734 quo
1646 2684 1831 2721 hactenus
1849 2683 1909 2721 usi
1928 2696 2062 2720 sumus
2080 2690 2275 2731 computo,
2304 2682 2428 2719 deter-

1384 2736 1545 2774 minavit
1563 2736 1847 2787 longitudinem
1873 2735 2035 2786 penduli
2053 2737 2124 2774 sub
2139 2743 2330 2786 aequatore
2349 2748 2429 2773 esse

1384 2789 1434 2827 ad
1470 2790 1756 2840 longitudinem
1791 2789 1952 2839 penduli
1988 2791 2060 2827 sub
2096 2790 2193 2838 polis
2220 2796 2266 2825 ut
2299 2794 2430 2827 39000

1384 2843 1435 2880 ad
1465 2848 1604 2887 39206,
1640 2842 1744 2881 unde
1773 2843 1899 2893 prodit
1930 2842 2114 2880 diameter
2150 2843 2352 2893 aequatoris
2379 2841 2430 2878 ad

1384 2897 1616 2935 diametrum
1649 2895 1780 2934 versus
1814 2896 1924 2946 polos
1959 2896 2001 2932 in
2036 2896 2181 2933 ratione
2210 2899 2341 2933 59206
2378 2895 2429 2931 ad

1384 2954 1517 2990 :39000
1543 2949 1621 2988 sive
1648 2957 1694 2988 ut
1719 2954 1800 2990 -190
1824 2950 1873 2988 ad
1895 2954 1969 2989 189
1987 2947 2092 2995 fere3
2121 2946 2286 2998 ide6que
2305 2946 2429 2995 posita

1384 3003 1687 3041 semi-diametro
1708 3005 1837 3042 Terrae
1856 3002 1957 3041 utin
1982 3002 2098 3050 Prop.
2121 2999 2281 3049 praeced.
2308 3000 2430 3038 Terra
2471 3045 2474 3050 Ι

1384 3056 1497 3095 altior
1515 3057 1586 3094 erit
1611 3056 1661 3094 ad
1689 3064 1922 3108 aequatorem
1941 3053 2057 3105 quam
2076 3054 2124 3091 ad
2143 3053 2250 3103 polos
2269 3066 2428 3091 excessu
2496 3066 2497 3069 ¹

1383 3110 1608 3147 milliarium
1640 3114 1688 3147 41
1725 3109 1884 3149 circiter.
1963 3107 2187 3146 Doctissimi
2218 3106 2286 3144 viri
2323 3107 2423 3145 DD.

1390 3163 1535 3209 Godin,
1578 3163 1778 3214 Bouguer,
1823 3161 1872 3199 de
1914 3161 1953 3199 la
1992 3160 2235 3199 Condamine
2274 3158 2429 3197 summa.

1386 3215 1588 3266 diligentia
1618 3215 1659 3252 in
1690 3215 1893 3253 latitudine
1927 3213 2009 3252 180.
2043 3213 2115 3253 27'.
2148 3213 2429 3252 observationes

1384 3270 1603 3307 habuerunt
1628 3282 1715 3319 quae
1743 3281 1834 3306 cum
1858 3267 2183 3306 observationibus
2205 3268 2257 3305 D.
2286 3268 2428 3315 Camp-

1384 3323 1462 3360 bell
1481 3320 1597 3371 probe
1615 3329 1847 3372 congruunt.
1910 3321 1961 3358 ln
1979 3320 2018 3358 id
2036 3333 2189 3370 quoque
2207 3320 2426 3368 conspirant

1386 3374 1665 3413 observationes
1683 3373 1814 3412 versus
1833 3374 1966 3422 polum
1986 3374 2170 3411 institutae
2187 3387 2211 3412 a
2229 3373 2428 3411 celeberri-

1385 3440 1452 3464 mo
1486 3429 1539 3466 D.
1572 3427 1621 3466 de
1651 3426 1896 3476 Maupertuis
1928 3427 2219 3477 clarissimisque
2246 3426 2357 3463 sociis
2384 3435 2430 3463 ut

1389 3481 1547 3519 Terram
1575 3480 1706 3518 versus
1733 3487 1965 3531 aequatorem
1991 3479 2114 3531 magis
2132 3482 2271 3517 elatam
2288 3478 2430 3517 consti-

1385 3541 1498 3572 tuant
1515 3532 1633 3585 quam
1652 3547 1722 3583 pro
1740 3532 1887 3571 theoria
1910 3534 2104 3571 Newtoni.
2165 3533 2276 3571 Idem
2290 3531 2429 3569 confir-

1388 3594 1469 3626 mat
1505 3596 1681 3625 accurata
1717 3586 1909 3637 graduum
1955 3586 2188 3625 terrestrium
2233 3596 2424 3622 mensura.

1391 3640 1619 3691 Longitudo
1646 3640 1788 3691 gradus
1812 3640 2012 3678 meridiani
2032 3639 2098 3690 qui
2118 3638 2304 3676 circulum
2324 3636 2431 3686 pola-

1389 3706 1470 3731 rem
1508 3702 1620 3739 secat,
1660 3707 1683 3730 a
1723 3695 1775 3732 D.
1818 3693 1866 3731 de
1905 3692 2151 3742 Maupertuis
2185 3691 2339 3728 inventa
2373 3696 2432 3728 est

1386 3750 1560 3789 57457‚9
1592 3747 1776 3795 hexaped.
1818 3754 1857 3784 et
1900 3744 2183 3796 longitudinem
2214 3741 2356 3793 gradus
2391 3743 2434 3779 in

1395 3798 1525 3838 Gallia
1551 3799 1592 3837 in
1621 3800 1708 3839 450.
1733 3804 1876 3838 57100.
1901 3797 2084 3846 hexaped.
2107 3796 2350 3844 probabiliter
2374 3809 2432 3833 as-

1389 3853 1490 3892 sumi
1509 3866 1620 3903 posse
1635 3853 1884 3892 ostendimus.
1904 3880 1908 3883 -
1947 3852 2056 3890 Hinc
2074 3849 2217 3901 gradus
2235 3849 2433 3900 utriusque
