2528 4172
301 283 369 332 28
800 276 1366 331 PHILOSOPHIAE
1407 233 1861 333 NATURALIS
1917 278 2036 345 [DE
2059 280 2261 334 Mum).
2287 282 2439 335 SYs‘r.

301 419 533 473 satellitis
572 439 602 471 a
644 420 766 472 Sole
795 421 968 471 minor
993 420 1127 472 foret
1153 421 1307 491 quam
1333 423 1576 475 distantia
1601 424 1764 476 centri
1789 424 1823 475 J
1826 423 1932 475 ovis
1959 443 1990 475 a
2019 424 2139 476 Sole
2163 425 2218 475 in
2242 424 2441 477 ratione

297 510 387 562 illa
416 509 791 578 subduplicata.
871 509 1103 579 Ideoque
1130 511 1174 562 si
1197 511 1253 561 in
1278 512 1562 581 aequalibus
1589 525 1618 563 a
1648 511 1768 564 Sole
1794 511 2064 575 distantiis,
2103 513 2329 583 gravitas
2355 532 2441 565 ac·
2469 568 2474 571 ,

298 599 571 651 celeratrix
597 597 827 649 satellitis
853 599 1073 667 cujusvis
1101 598 1155 649 in
1185 599 1360 651 Solem
1385 601 1549 669 major
1573 610 1705 652 esset
1731 601 1813 652 vel
1838 600 2008 651 minor
2034 600 2189 671 quam
2214 603 2439 673 gravitas

296 688 637 741 acceleratrix
680 687 824 739 Jovis
863 687 920 738 in
967 688 1173 749 Solem3
1213 700 1360 756 parte
1403 700 1603 741 tantum
1646 689 1917 741 millesima
1959 691 2222 760 gravitatis
2265 691 2435 754 totius,

294 778 429 831 foret
466 777 708 829 distantia
747 778 912 829 centri
937 777 1077 828 orbis
1112 777 1341 828 satellitis
1368 797 1398 828 a
1426 778 1546 830 Sole
1571 779 1736 847 major
1761 778 1844 830 vel
1867 778 2037 829 minor
2065 777 2221 848 quam
2246 778 2438 830 distan-

294 868 367 920 tia
402 867 546 920 Jovis
584 887 615 918 a
655 867 776 919 Sole
815 868 878 936 (ὃ)
919 877 1067 935 parte
1105 870 1236 935 §6¹66
1273 868 1528 920 distantiae
1553 869 1726 931 totius,
1757 868 1812 920 id
1838 880 1931 932 est,
1959 881 2105 938 parte
2131 869 2307 939 quinta
2335 870 2438 921 dis-

293 958 471 1010 tantiae
508 957 739 1009 satellitis
777 957 960 1008 extimi
998 977 1029 1008 a
1066 967 1245 1008 centro
1281 957 1457 1009 Jovis:
1505 976 1621 1027 quae
1660 957 1873 1028 quidem
1910 940 2049 1009 orbis
2088 958 2436 1010 eccentricitas

291 1046 426 1098 foret
468 1046 618 1097 valde
662 1046 932 1097 sensibilis.
1012 1045 1117 1098 Sed
1167 1046 1318 1097 orbes
1364 1045 1640 1097 satellitum
1685 1056 1805 1097 sunt
1847 1047 1967 1098 Jovi
2011 1047 2337 1110 concentrici,
2384 1058 2435 1098 et

291 1144 571 1204 propterea
594 1122 873 1205 gravitates
913 1134 1297 1186 acceleratrices
1323 1135 1358 1186 J
1360 1135 1468 1185 ovis
1496 1144 1547 1185 et
1575 1135 1853 1186 satellitum
1877 1135 1932 1185 in
1961 1135 2137 1189 Solem
2163 1146 2434 1205 aequantur

294 1223 430 1275 inter
457 1242 526 1274 se.
605 1222 676 1273 Et
700 1222 885 1273 eodem
913 1233 1220 1292 argumento
1244 1222 1479 1291 pondera
1508 1223 1717 1274 Saturni
1754 1233 1805 1274 et
1842 1223 2087 1275 comitum
2123 1225 2230 1293 ejus
2254 1225 2309 1275 in
2337 1226 2433 1277 So-

289 1313 410 1375 lem,
451 1313 506 1363 in
545 1311 829 1381 aequalibus
856 1329 886 1361 a
917 1310 1038 1363 Sole
1064 1309 1337 1372 distantiis,
1378 1321 1498 1361 sunt
1523 1319 1580 1361 ut
1606 1310 1915 1380 quantitates
1940 1312 2170 1363 materiae
2196 1312 2250 1362 in
2275 1313 2430 1381 ipsis:

290 1413 343 1456 ct
366 1402 601 1473 pondera
622 1402 792 1453 Lunae
817 1419 877 1452 ac
898 1401 1082 1452 Terrae
1108 1401 1162 1451 in
1187 1400 1362 1453 Solem
1387 1401 1468 1452 vel
1492 1402 1634 1453 nulla
1661 1412 1795 1464 sunt,
1836 1403 1918 1454 vel
1938 1422 2115 1455 earum
2139 1405 2319 1455 massis
2350 1424 2435 1461 ac-¹

290 1492 467 1559 curate
492 1491 916 1561 proportionalia.
992 1491 1187 1560 Aliqua
1211 1501 1383 1542 autem
1409 1503 1528 1543 sunt
1552 1511 1645 1560 per
1674 1492 1848 1544 Corol.
1880 1501 1928 1547 1.
1959 1503 2011 1545 et
2038 1503 2085 1546 3.
2121 1494 2277 1564 Prop.
2306 1496 2373 1549 V.
2512 1512 2520 1518 ·

361 1581 668 1644 Quinetiam
709 1581 944 1649 pondera
983 1580 1214 1649 partium
1257 1579 1577 1650 singularum
1619 1581 1842 1649 planetae
1882 1583 2131 1652 cujusque
2174 1584 2228 1634 in
2273 1569 2451 1643 aliun‘t'ss
2509 1579 2514 1587 ’

287 1689 649 1743 quemcunque
675 1680 796 1722 sunt
821 1671 955 1721 inter
981 1689 1036 1721 se
1061 1678 1120 1721 ut
1143 1669 1360 1721 materia
1382 1669 1436 1720 in
1459 1670 1693 1738 partibus
1719 1670 1952 1741 singulis.
2034 1670 2173 1722 Nam
2193 1673 2236 1723 si
2260 1682 2450 1742 partes
2480 1724 2487 1729 Ζ
2502 1664 2514 1713 f

285 1761 476 1831 aliquae
523 1759 642 1828 plus
690 1759 1024 1830 gravitarent,
1085 1758 1200 1809 aliae
1248 1758 1438 1821 minus,
1503 1757 1657 1828 quam
1702 1777 1801 1828 pro
1851 1760 2135 1833 quantitate
2183 1747 2431 1824 numeriae,¹

282 1852 494 1920 planeta
542 1861 697 1914 totus,
748 1869 846 1919 pro
892 1868 1083 1921 genere
1118 1849 1345 1918 partium
1384 1849 1570 1918 quibus
1608 1849 1833 1901 maxime
1872 1833 2116 1913 abundet,
2133 1852 2434 1922 gravitaret

284 1941 452 2012 magis
491 1940 575 1992 vel
612 1938 784 1991 minus
825 1937 980 2009 quam
1016 1956 1113 2006 pro
1152 1938 1435 2007 quantitate
1471 1939 1701 1990 materiae
1740 1939 1912 1991 totius,
1988 1939 2097 1992 Sed
2134 1958 2233 1992 nec
2256 1926 2433 1993 refert
2480 1996 2481 1999 ,

282 2038 462 2081 utrum
497 2038 671 2097 partes
709 2027 813 2078 iflae
851 2037 1085 2079 externae
1119 2027 1225 2080 sint
1249 2027 1331 2078 vel
1367 2028 1600 2079 internae.
1677 2028 1816 2079 Nam
1842 2029 1901 2092 si,
1927 2030 2072 2081 verbi
2096 2022 2297 2100 gratia,
2319 2049 2433 2083 cor-

284 2137 416 2189 pora
440 2119 719 2181 terrestria,
762 2137 879 2188 quae
905 2118 1048 2187 apud
1071 2137 1166 2169 nos
1193 2128 1327 2181 sunt,
1364 2120 1418 2169 in
1443 2119 1625 2170 orbem
1654 2120 1823 2172 Lunae
1849 2121 2036 2174 elevari
2061 2122 2340 2193 fingantur,
2382 2135 2434 2175 et

286 2210 622 2262 conferantur
660 2227 779 2260 cum
818 2227 1037 2277 corpore
1075 2207 1274 2259 Lunae:
1316 2209 1358 2258 si
1394 2207 1853 2278 horumpondera
1889 2220 2061 2262 essent
2097 2211 2165 2262 ad
2199 2211 2432 2279 pondera

283 2301 513 2369 partium
552 2308 886 2350 externarum
923 2298 1092 2349 Lunae
1117 2306 1176 2349 ut
1202 2297 1512 2367 quantitates
1538 2298 1767 2348 materiae
1790 2298 1846 2351 in
1869 2298 2068 2362 iisdem,
2108 2300 2175 2350 ad
2198 2301 2431 2368 pondera

285 2390 409 2442 vero
447 2390 675 2459 partium
712 2390 1034 2440 internarum
1071 2389 1127 2438 in
1163 2388 1349 2457 majori
1385 2388 1467 2440 vel
1502 2388 1691 2440 minori
1716 2390 1932 2453 ratione,
1960 2388 2131 2441 forent
2156 2389 2336 2441 eadem
2362 2391 2429 2442 ad

1156 2562 1189 2600 G
1197 2561 1332 2600 ravitas

339 2565 396 2617 (²)
419 2567 441 2590 ⁴⁶
466 2568 583 2604 Parte
652 2535 669 2568 1
747 2564 940 2603 distantiae
967 2564 1092 2602 totius.

284 2649 529 2689 acceleratrix
557 2649 585 2689 J
587 2602 735 2687 οῗῗςοξίι
757 2652 791 2695 1,
813 2650 885 2687 erit
905 2650 992 2701 (per
1013 2647 1145 2698 Hyp.)
1167 2647 1331 2699 gravitas

922 2707 939 2740 1
986 2762 996 2780 ,
1023 2733 1091 2771 sed
1119 2732 1183 2785 (ex
1204 2733 1328 2784 dem.)

283 2735 527 2775 acceleratrix
555 2734 727 2774 satellitis
763 2739 779 2771 1
803 2735 857 2787 4
883 2773 984 2806 1000

283 2821 465 2860 distantia
496 2822 597 2860 inter
625 2828 803 2858 centrum
835 2821 934 2859 Solis
955 2828 994 2858 et
1021 2828 1197 2858 centrum
1229 2818 1331 2857 orbis

284 2875 456 2913 satellitis
492 2875 615 2926 major
652 2881 710 2912 est
745 2873 863 2924 quam
902 2874 1082 2911 distantia
1113 2874 1213 2911 inter
1240 2885 1329 2910 cen-

283 2936 389 2966 trum
429 2928 527 2966 Solis
564 2936 602 2965 et
641 2935 815 2965 centrum
853 2927 962 2966 Jovis
998 2927 1040 2963 in
1075 2927 1224 2964 ratione
1262 2924 1331 2963 illa

284 2980 553 3030 subduplicata
587 2992 707 3031 quam
750 2980 937 3030 proxime,
984 2981 1058 3017 hoc
1095 2986 1163 3024 est,
1206 2986 1252 3017 ut
1289 2984 1327 3026 1,

625 3051 641 3083 l

248 3091 261 3126 ζ’
283 3079 334 3117 ad
370 3081 423 3130 ,ᾳ
458 3083 475 3116 1
506 3080 558 3131 -ξ-
580 3099 700 3150 ffi.
764 3078 896 3125 Quare
920 3079 1120 3131 utriusque
1139 3077 1330 3117 distantiae

284 3206 499 3246 differentia
526 3217 583 3248 est
613 3212 667 3261 ,χΙ
699 3216 715 3249 1
741 3211 795 3264 '‘l''
827 3183 1002 3282 Ι-ὃιᾱῖ-
1027 3213 1045 3247 1
1063 3220 1132 3247 seu
1152 3209 1207 3256 γ
1224 3180 1332 3281 383}-

282 3330 533 3378 -1=4l
562 3320 1325 3373 [o-oi—1=1.ooo4998‚&c.-1

282 3449 568 3493 =.ooo4998‚
595 3449 665 3486 &c.
696 3447 774 3486 sive
794 3464 851 3485 =
871 3419 1000 3519 logoo
1017 3463 1074 3484 =
1091 3417 1331 3516 20100,ἰᾷεό-

283 3542 363 3579 que
382 3530 562 3571 distantia
580 3532 702 3571 centri
720 3533 822 3571 orbis
840 3532 1014 3572 satellitis
1038 3545 1062 3570 a
1091 3531 1181 3570 Sole
1207 3531 1331 3583 major

1165 3588 1183 3622 1

283 3616 356 3655 erit
374 3616 493 3668 quam
511 3618 693 3657 distantia
710 3619 739 3658 .Ῐ
739 3619 819 3657 ovis
837 3631 861 3656 a
882 3618 971 3657 Sole
988 3625 1097 3669 parte
1120 3655 1225 3688 2000
1252 3616 1329 3654 dis-

284 3702 416 3740 tantiae
435 3704 565 3749 totius,
595 3703 635 3741 id
654 3711 710 3742 est
728 3711 835 3753 parte
853 3701 990 3754 quinta
1009 3704 1200 3743 distantiae
1218 3701 1331 3741 satel-

286 3755 366 3793 litis
385 3757 521 3794 extimi
540 3770 564 3794 a
581 3765 713 3794 centro
732 3757 759 3795 J
762 3758 852 3794 ovis.

343 3813 362 3833 ⁹
388 3810 493 3848 Nam
513 3817 568 3848 est
587 3810 774 3849 diameter
788 3810 816 3849 J
818 3810 899 3848 ovis
913 3810 1061 3849 circiter
1080 3809 1229 3848 decima
1247 3820 1334 3858 pars

1386 2529 1564 2568 diametri
1579 2530 1689 2575 Solis,
1709 2537 1755 2568 ut
1772 2543 1889 2579 supra
1905 2530 2174 2577 indicavimus,
2194 2531 2272 2569 sive
2290 2537 2335 2568 ut
2350 2534 2426 2571 997

1386 2583 1436 2621 ad
1467 2588 1623 2628 10.000,
1648 2584 1828 2622 distantia
1852 2583 1986 2622 extimi
2014 2584 2188 2622 satellitis
2216 2593 2272 2622 est
2305 2589 2426 2623 26.63

1385 2636 1775 2675 semi-diametrorum
1795 2638 1823 2676 J
1826 2638 1918 2683 ovis,
1940 2650 2032 2688 ergo
2051 2650 2096 2675 ea
2113 2638 2292 2675 distantia
2313 2638 2426 2675 semi-

1387 2690 1593 2728 diametros
1623 2691 1723 2728 Solis
1749 2690 1960 2729 continebit
1986 2696 2021 2729 2.
2030 2695 2108 2730 665
2126 2698 2195 2730 aut
2211 2689 2426 2729 accuratius

1442 2798 1540 2836 Solis
1564 2797 1865 2837 semi-diameter
1891 2797 2094 2836 mediocris
2118 2810 2140 2835 e
2169 2795 2290 2836 Terra
2308 2796 2421 2844 visus,
2464 2811 2467 2819 >

1385 2849 1600 2889 secundum
1619 2851 1768 2889 Cassini
1785 2851 1966 2897 Tabulas,
1987 2859 2044 2889 est
2060 2850 2120 2889 16'
2137 2850 2184 2888 δ”
2202 2850 2263 2888 vel
2284 2849 2343 2888 16'
2360 2850 2418 2888 4''.

1383 2905 1413 2944 J
1414 2918 1477 2943 am
1496 2902 1585 2942 vero
1609 2904 1651 2941 in
1668 2905 1865 2955 triangulo
1883 2905 2108 2955 rectangulo
2126 2903 2238 2954 cujus
2255 2902 2424 2952 angulus

1384 2958 1533 2996 verticis
1552 2964 1608 2995 est
1630 2957 1688 2996 16'
1707 2958 1751 2995 4¹¹
1770 2957 1934 2996 altitudo
1952 2958 2122 2996 continet
2140 2956 2260 2994 basim
2280 2959 2422 2995 213.96

1383 3012 1557 3058 vicibus3
1579 3023 1671 3061 ergo
1690 3010 1789 3048 inter
1810 3010 1938 3048 Solem
1953 3018 1992 3048 et
2008 3010 2167 3047 Terram
2178 3007 2424 3046 intervallum

1382 3072 1440 3102 est
1457 3064 1562 3114 quod
1583 3064 1683 3101 Solis
1700 3063 2019 3102 semi-diametros
2038 3066 2179 3101 213.96
2198 3061 2421 3108 contineret,

1383 3118 1462 3155 sive
1480 3116 1665 3166 proxime,
1690 3116 1788 3154 Solis
1805 3116 2011 3154 diametros
2034 3120 2119 3154 107.

1438 3171 1466 3209 J
1469 3170 1548 3208 ovis
1574 3178 1705 3208 autem
1732 3169 1911 3208 distantia
1929 3169 2130 3208 mediocris
2147 3182 2171 3207 a
2192 3169 2280 3208 Sole
2298 3177 2355 3207 est
2372 3167 2422 3206 ad

1386 3223 1608 3261 distantiam
1635 3222 1868 3260 mediocrem
1898 3224 2029 3261 Terrae
2056 3236 2080 3260 a
2107 3222 2206 3268 Sole,
2237 3230 2282 3260 ut
2299 3225 2351 3261 52
2370 3221 2421 3259 ad

1387 3281 1447 3323 10,
1499 3288 1592 3326 ergo
1626 3287 1672 3313 ea
1706 3275 1917 3314 continebit
1951 3276 2271 3314 semi-diametros
2323 3273 2422 3314 Solis

1387 3333 1597 3375 1112.592‚
1630 3328 1713 3378 ejus
1743 3329 1892 3367 numeri
1941 3330 1999 3368 bis
2022 3329 2227 3368 millesima
2254 3341 2340 3379 pars
2364 3334 2421 3365 est

1383 3386 1559 3422 ‚556296
1588 3394 1676 3432 quae
1704 3390 1762 3420 est
1790 3384 2052 3422 excentricitas
2081 3384 2190 3424 Jovis
2214 3385 2246 3423 si
2270 3384 2420 3423 satelles

1384 3437 1436 3474 sit
1456 3436 1555 3474 Jove
1580 3432 1710 3473 10005.
1751 3443 1859 3483 parte
1883 3436 2033 3487 gravior
2051 3438 2111 3475 vel
2129 3438 2248 3476 levior
2265 3438 2420 3487 paribus

1384 3489 1426 3526 in
1440 3487 1639 3533 distantiis,
1654 3487 1720 3525 ille
1735 3487 1824 3526 vero
1838 3501 2022 3528 numerus
2035 3496 2205 3531 .556296
2219 3499 2276 3529 est
2285 3490 2420 3541 quinta

1383 3554 1470 3591 pars
1489 3541 1639 3579 numeri
1658 3543 1829 3579 2.78148
1855 3541 1972 3590 paulo
1991 3544 2145 3595 majoris
2161 3544 2278 3595 quam
2299 3548 2333 3580 2.
2342 3546 2419 3581 655

1381 3595 1449 3633 sed
1460 3594 1638 3633 distantia
1649 3594 1780 3631 extimi
1791 3595 1962 3634 satellitis
1974 3610 1996 3634 a
2010 3598 2108 3636 Jove
2119 3597 2335 3636 continebat
2350 3596 2419 3633 So-

1383 3648 1431 3685 lis
1443 3646 1762 3685 semi-diametros
1777 3652 1813 3684 2.
1821 3652 1897 3687 655
1911 3664 1922 3695 ;
1939 3663 2031 3701 ergo
2043 3650 2302 3688 excentricitas
2312 3649 2339 3688 J
2340 3650 2422 3686 ovis

1385 3701 1416 3739 si
1432 3700 1581 3738 satelles
1599 3700 1646 3737 sit
1664 3701 1762 3739 Jove
1785 3701 1917 3740 10005.
1940 3713 2047 3752 parte
2064 3703 2213 3754 gravior
2226 3702 2287 3740 vel
2304 3702 2424 3739 levior

1386 3755 1540 3802 paribus
1558 3753 1598 3790 in
1618 3753 1818 3800 distantiis,
1839 3763 1895 3793 est
1906 3756 1955 3794 ad
1968 3756 2174 3793 minimum
2186 3754 2320 3805 quinta
2336 3767 2424 3805 pars

1387 3807 1579 3846 distantiae
1597 3806 1768 3847 satellitis
1785 3807 1918 3848 extimi
1936 3821 1959 3846 a
1977 3808 2086 3848 Jove.
2149 3809 2199 3852 Q.
2219 3820 2252 3846 e.
2275 3807 2314 3846 d.
