2528 4172
120 251 304 304 LIBER
325 250 622 316 TERTIUS]
682 249 1094 303 PRINCIPIA·
1123 251 1739 305 MATHEMATICA.

116 389 330 428 differentia
362 397 420 428 est
450 395 540 429 557.
565 389 750 439 hexaped.
766 397 836 428 aut
866 390 916 427 ad
946 388 1154 427 minimum

114 446 206 481 500.
230 445 316 480 hex.
340 443 406 481 sed
432 456 480 481 ex
507 441 639 481 tabula
670 442 923 481 Newtoniana
941 442 1155 480 differentia

112 494 213 533 inter
232 500 295 534 45.
314 510 371 547 gr.
395 503 433 534 et
452 498 514 535 65.
539 503 595 533 est
615 500 702 533 240.
727 496 1024 544 hexapedarum,
1055 507 1153 536 cres-

111 557 207 586 cunt
234 549 364 600 itaque
393 548 538 599 gradus
562 548 775 586 latitudinis
807 547 1002 598 pergendo
1026 550 1074 585 ab
1101 562 1152 585 ae-

110 610 270 651 quatere
301 602 351 640 ad
382 602 490 652 polos
525 602 649 651 magis
685 601 802 652 quam
833 599 947 652 juxta
981 601 1152 639 tabulam

113 654 423 701 Newtonianam,
451 667 497 692 ac
521 653 681 702 proinde
707 667 785 693 non
804 654 932 692 solum
953 654 1072 692 Terra
1096 662 1153 692 est

109 707 209 745 elata
227 710 299 746 sub
318 712 507 759 aequatore
523 708 640 757 (94.),
662 708 730 745 sed
748 708 863 745 etiam
877 707 1151 745 diametrorum

110 759 325 799 differentia
342 773 389 799 ex
403 760 725 798 observationibus
743 761 865 812 major
877 759 994 810 quam
1008 773 1054 797 ex
1068 759 1151 808 ipsa

108 813 256 851 theoria
290 813 497 863 colligitur·
574 814 807 851 Consulatur
842 813 1150 851 observationum

109 866 223 904 series
266 879 383 916 quam
431 867 770 904 Transactionibus
809 866 1039 917 Anglicanis
1084 878 1145 904 an.

115 923 226 956 1734.
251 919 410 956 inseruit
428 927 538 957 autor
558 919 756 957 Versionis
777 920 950 959 Gallicae.

166 976 251 1010 100.
278 975 481 1011 Sclzolium.
527 972 693 1011 Penduli
708 972 992 1024 longitudinem
1010 973 1149 1011 Romae

109 1024 363 1063 determinare
396 1026 573 1074 pluribus
612 1026 883 1074 experimentis
918 1026 1149 1064 tentavimus

108 1090 198 1115 cum
228 1078 454 1116 doctissimis
484 1086 524 1117 et
554 1079 596 1116 in
623 1078 858 1117 observando
889 1079 1149 1117 versatissimis

110 1130 197 1168 ΡΡ.
234 1131 426 1169 Boscovik
461 1139 500 1176 et
537 1132 664 1169 Maire
703 1134 740 1172 S.
778 1133 819 1172 J.
855 1132 1143 1170 mathematicis.

112 1184 181 1222 Usi
217 1196 352 1222 sumus
386 1185 570 1223 methodo
606 1184 675 1222 illa
715 1184 996 1224 accuratissima
1031 1198 1147 1236 quam

105 1237 371 1288 sagacissimus
398 1246 545 1275 naturae
569 1237 770 1289 indagator
787 1251 1038 1289 summusque
1055 1251 1146 1289 geo-

107 1297 228 1328 metra
251 1291 302 1328 D.
331 1291 380 1329 de
414 1292 569 1329 Mairan
602 1292 716 1329 tradit
741 1293 782 1329 in
813 1292 994 1329 Menum.
1023 1291 1143 1329 Acad.

110 1343 212 1394 Reg.
237 1343 357 1382 Paris.
384 1344 433 1382 ad
459 1357 521 1382 an.
549 1349 678 1390 1755„
706 1344 774 1383 ubi
801 1344 1061 1392 experimenta
1087 1358 1146 1382 re-

105 1404 235 1434 censet
259 1410 346 1447 quae
373 1410 464 1435 cum
492 1397 704 1436 incredibili
723 1397 817 1435 curii
833 1396 1014 1435 adversus
1032 1410 1147 1435 omne

104 1461 276 1487 errorum
294 1462 418 1500 genus
435 1451 592 1501 peregit.
645 1451 871 1488 Paravimus
887 1449 1016 1500 itaque
1035 1451 1145 1488 horo-

104 1501 254 1552 logium
268 1503 542 1541 oscillatorium
560 1517 584 1541 a
602 1503 760 1541 celeber.
781 1504 952 1541 Graham
974 1503 1145 1541 Londini

104 1563 378 1602 constructum,
413 1556 598 1607 nobisque
615 1559 663 1595 ab
687 1556 943 1594 illustrissimo
964 1557 1017 1594 D.
1040 1556 1142 1605 Lep-

103 1608 193 1646 rotti
240 1608 514 1647 humanissime
566 1609 866 1655 commodatum,
914 1609 1022 1660 quod
1076 1622 1144 1658 per

102 1660 307 1709 appulsum
324 1661 409 1698 fixae
422 1662 473 1700 ad
490 1662 738 1711 telescopium
756 1662 963 1700 immotum
982 1662 1143 1713 singulis

102 1715 408 1752 observationum
444 1715 580 1754 diebus
616 1716 875 1766 dirigebamus
910 1723 955 1753 ut
989 1722 1143 1764 tempus

106 1766 203 1803 Solis
234 1767 407 1805 medium
431 1767 627 1807 indicaret.
689 1770 739 1806 In
770 1766 948 1806 machina
974 1768 1142 1818 quadam

101 1819 262 1858 immota
289 1820 557 1859 constituimus
584 1822 697 1870 plana
722 1821 802 1859 duo
829 1822 1089 1866 horizontalia‚
1120 1835 1142 1860 e

100 1885 265 1922 quorum
285 1873 402 1912 altero
422 1874 533 1912 filum
552 1875 742 1924 pendebat
767 1874 920 1916 laminis
941 1875 1141 1913 metalliciS

100 1925 186 1973 apte
214 1926 312 1964 inter
342 1939 383 1965 se
412 1928 711 1978 congruentibus
740 1941 998 1977 compressum
1027 1930 1140 1967 coch-

99 1977 246 2016 learum
274 1992 357 2028 ope,
387 1980 550 2018 alterum
577 1979 633 2018 ita
659 1981 800 2019 sensim
831 1981 1048 2019 elevabatur
1073 1995 1141 2030 per

98 2032 273 2069 cochleas
298 2040 343 2071 ut
367 2033 642 2072 horizontalem
662 2034 779 2072 situm
798 2041 972 2080 servaret,
1000 2041 1039 2073 et
1056 2035 1139 2085 glo-

98 2085 193 2121 bum
212 2097 233 2122 e
251 2085 316 2122 filo
335 2099 562 2134 suspensum
581 2086 741 2124 inferius
760 2088 1006 2138 contingeret.
1047 2088 1139 2126 Dis-

100 2137 260 2175 tantiam
279 2139 414 2187 puncti
440 2139 698 2188 suspensionis
716 2153 739 2177 a
756 2148 900 2189 puncto
918 2140 986 2178 illo
1005 2140 1140 2179 infimo

96 2190 214 2239 globi,
234 2203 311 2241 quo
328 2191 488 2240 planum
502 2192 736 2231 horizontale
754 2194 968 2244 subjectum
987 2195 1137 2231 contin-

96 2245 222 2292 gebat,
242 2244 564 2295 investigabamus
581 2258 654 2295 ope
672 2258 862 2284 mensurae
882 2246 1140 2286 Londinensis

97 2296 281 2344 bipedalis
300 2298 601 2344 accuratissimae,
617 2311 734 2349 quam
753 2312 843 2336 cum
863 2299 1035 2348 pluribus
1053 2300 1137 2338 aliis

97 2350 394 2388 consentientem
431 2351 478 2389 P.
516 2353 649 2390 Abbas
688 2352 858 2390 Revillas
889 2352 1029 2390 clariss.
1066 2354 1134 2399 vir,

100 2401 286 2440 Publicus
307 2404 504 2442 Professor
518 2405 645 2451 Math.
668 2412 707 2443 et
730 2405 850 2443 Acad.
873 2406 1041 2444 Londin.
1064 2407 1134 2444 So-

96 2454 179 2492 cius
205 2457 377 2495 exhibuit
403 2458 525 2496 nobis.
585 2458 696 2496 Huic
713 2471 903 2497 mensurae
921 2459 1060 2497 inserta
1077 2467 1135 2498 est

94 2507 212 2546 altera
237 2509 372 2560 regula
397 2511 549 2549 mobilis
574 2524 691 2562 quam
713 2524 782 2560 pro
799 2512 955 2550 arbitrio
971 2512 1134 2551 educere

94 2560 143 2598 ad
170 2562 414 2601 altitudinem
441 2570 477 2601 4.
501 2564 643 2613 pedum
664 2564 951 2603 conficiendam.
1014 2566 1133 2604 Hanc

93 2613 213 2663 igitur
243 2616 341 2653 inter
372 2624 560 2666 punctum
591 2618 848 2667 suspensionis
878 2626 916 2656 et
942 2626 1131 2667 punctum

93 2667 199 2716 globi
217 2668 396 2706 infimum
415 2670 751 2719 interponebamus
769 2670 1133 2720 perpendiculariter

93 2719 142 2757 ad
161 2720 275 2768 plana
292 2722 551 2770 horizontalia,
576 2723 820 2774 maximeque
837 2726 1065 2762 cavebamus
1082 2737 1133 2763 ne

91 2771 132 2808 in
151 2772 224 2812 hac
241 2774 423 2813 mensura
441 2789 545 2814 error
561 2777 737 2827 aliqualis
759 2778 950 2826 irreperet.
1011 2778 1131 2816 Plura

91 2823 234 2864 idcirco
261 2828 502 2879 negleximus
519 2830 778 2878 experimenta
804 2830 844 2868 in
862 2830 1002 2881 quibus
1019 2830 1131 2869 filum

92 2880 367 2918 extendebatur
392 2883 663 2921 observationis
689 2891 873 2932 tempore,
899 2883 1051 2934 aliaque
1073 2897 1132 2922 re-

86 2929 252 2980 jecimus
270 2934 369 2972 facta
387 2947 475 2972 cum
493 2935 557 2973 filo
571 2935 689 2974 serico
703 2936 763 2975 vel
781 2949 871 2974 cum
889 2937 1004 2987 globo
1019 2938 1131 2975 ebur-

91 2995 166 3021 neo
192 2986 257 3035 qui
285 2987 445 3025 nimiam
468 2988 510 3025 iu
528 2990 614 3027 a’ete
632 2989 883 3028 resistentiam
901 2991 1125 3039 patiebatur.

96 3037 171 3073 Sex
189 3038 308 3089 igitur
325 3048 477 3079 tantum
495 3054 584 3092 quae
609 3042 719 3080 nobis
736 3042 926 3080 tutissima
943 3043 1022 3081 visa
1040 3051 1131 3082 sunt

93 3088 346 3130 describemus
361 3110 371 3132 z
395 3094 495 3132 facta
513 3103 604 3133 sunt
621 3108 712 3133 cum
730 3095 846 3145 globo
864 3109 1004 3145 cupreo
1019 3097 1131 3147 cujus

91 3143 271 3202 quassibet
296 3147 593 3186 semi-diameter
619 3149 774 3187 inventa
799 3157 856 3187 est
880 3150 1046 3198 partium
1070 3149 1129 3187 di-

91 3202 163 3245 g1t1
184 3196 439 3237 Londinensis
456 3200 747 3240 millesimarum
766 3207 853 3247 605,
874 3202 1027 3251 pondus
1040 3201 1129 3241 vero

92 3263 295 3302 unciarum
316 3254 374 3318 4333-
392 3280 461 3306 seu
488 3282 695 3320 granorum
722 3275 837 3309 2520.
893 3268 1014 3308 Illum
1046 3284 1127 3309 sus-

91 3316 352 3362 pendebamus
378 3333 400 3358 e
429 3321 496 3359 filo
519 3335 566 3360 ex
594 3323 697 3360 foliis
723 3324 826 3362 alo‘e's
852 3331 994 3372 parato,
1023 3324 1128 3375 quod

95 3368 243 3406 Gallice
261 3370 411 3418 dicitur,
417 3376 471 3427 fil
489 3378 533 3413 de
546 3378 625 3425 pite
637 3396 648 3421 ‚-
677 3377 900 3428 hujusmodi
918 3377 1031 3415 filum
1051 3377 1128 3428 (ΖΙ-ξ,-

90 3421 176 3469 ped.
206 3423 372 3461 Londin.
395 3426 569 3477 longum,
590 3429 922 3479 aequiponderabat
939 3431 1124 3521 granisfffi

90 3481 129 3511 et
147 3475 346 3524 propterea
363 3479 514 3526 pondus
531 3481 586 3517 fili
607 3487 658 3519 44
676 3482 784 3532 digit.
808 3491 888 3521 erat
905 3484 954 3521 ad
973 3496 1049 3532 pon
1080 3497 1125 3520 us

89 3527 195 3576 globi
225 3537 268 3566 ut
301 3534 314 3566 1
348 3532 396 3568 ad
426 3535 540 3578 2955,
569 3534 719 3582 pondus
739 3535 827 3573 vero
849 3539 911 3575 35.
935 3537 1044 3587 digit.
1076 3537 1126 3574 ad

87 3581 240 3628 pondus
267 3582 437 3632 ejusdem
464 3585 570 3634 globi
588 3592 632 3623 ut
653 3591 669 3625 1
692 3587 742 3624 ad
760 3593 875 3628 5715.
931 3589 1039 3627 Hinc
1057 3602 1125 3637 per

88 3645 132 3670 ea
149 3648 236 3684 quae
257 3636 310 3672 D.
333 3636 380 3674 de
409 3637 563 3675 Mairan
590 3637 675 3677 loco
701 3640 815 3679 citato
839 3641 1122 3687 demonstravit,

87 3685 118 3721 si
136 3686 314 3727 distantia
333 3689 463 3738 puncti
484 3691 739 3738 suspensionis
757 3706 780 3730 a
796 3703 926 3732 centro
951 3695 1055 3745 globi
1075 3695 1123 3732 sit

87 3743 139 3776 44
157 3740 264 3791 digit.
292 3742 418 3780 Lond.
443 3743 601 3790 circiter,
623 3757 668 3781 ex
688 3745 929 3796 longitudine
947 3750 1121 3786 observa-

87 3789 127 3829 αἱ
151 3806 219 3830 seu
244 3794 453 3844 intercepta
480 3797 579 3835 inter
605 3805 794 3845 punctum
812 3801 1066 3848 suspensionis
1085 3808 1123 3838 et

88 3856 275 3894 punctum
302 3847 478 3887 intimum
507 3850 612 3901 globi
635 3852 890 3891 subtrahenda
909 3854 979 3891 crit
996 3853 1121 3907 longi-

2179 260 2246 308 87

1206 389 1303 427 tudo
1328 395 1476 436 o,602f3
1510 391 1618 442 digit.
1642 400 1687 430 ut
1715 393 1898 431 habeatur
1927 405 2016 430 vera
2044 392 2249 443 longitudo

1205 443 1366 491 penduli
1385 444 1569 493 simplicis
1593 446 1763 494 pendulo
1781 445 2052 484 observationis
2077 446 2247 484 isochro-

1206 497 1260 532 ni.
1324 496 1364 533 Si
1382 496 1472 535 vero
1493 497 1672 536 distantia
1690 500 1820 547 puncti
1841 498 2100 547 suspensionis
2117 512 2140 535 a
2158 511 2249 535 cen-

1203 556 1265 585 tro
1297 549 1402 598 globi
1434 551 1482 587 sit
1515 556 1563 589 35
1597 551 1707 601 digit.
1745 552 1903 598 circiter,
1937 551 2146 589 auferenda
2177 551 2248 590 erit

1197 601 1409 649 ‘longitudo
1427 608 1573 648 O,6004
1592 604 1703 655 digit.

1260 659 1295 692 1.
1320 655 1643 704 Experimentum
1665 663 1726 695 13.
1748 658 1849 697 Julii
1867 657 1992 697 mane.

1311 708 1538 759 Longitudo
1556 712 1751 749 observata
1769 715 1917 750 45.145
1938 710 2044 763 digit.
2066 710 2194 749 Lond.

1311 761 1469 812 Longit.
1485 763 1752 801 subtrahenda.
1768 769 1918 803 &6023

1311 823 1539 875 Longitudo
1557 839 1645 865 vera
1767 833 1955 867 44.5'4:37.

1258 876 1558 917 Numeravimus
1576 878 1829 918 oscillafiones
1842 882 1948 931 globi
1968 886 2066 920 3261
2087 895 2133 919 eo
2146 889 2243 920 tem-

1201 940 1294 976 pore
1312 942 1389 979 quo
1407 932 1650 983 horologium
1666 933 1939 972 oscillatorium
1954 940 2057 974 5479
2070 935 2243 982 absolvit,

1200 982 1275 1019 hoc
1293 990 1361 1029 est,
1382 983 1581 1023 intervallo
1592 991 1707 1024 5480.
1716 991 1765 1025 69
1786 987 2045 1025 secundorum
2064 989 2246 1037 temporis

1200 1034 1330 1072 medii.
1402 1038 1667 1089 Horologium
1702 1039 1806 1077 enim
1844 1040 1990 1078 tardius
2021 1043 2246 1079 movebatur

1200 1086 1320 1136 quam
1346 1102 1416 1137 pro
1442 1092 1571 1129 medio
1597 1101 1707 1130 motu
1739 1093 1847 1136 Solis,
1870 1101 1909 1131 et
1933 1094 2148 1132 differentia
2165 1102 2246 1133 erat

1205 1159 1256 1192 42
1269 1154 1524 1193 secundorum
1537 1168 1607 1206 pro
1620 1156 1723 1194 horis
1737 1159 1801 1193 24.
1822 1163 1878 1194 est
1896 1155 2016 1206 igitur
2028 1145 2214 1201 34505‘9‘1
2223 1155 2242 1175 ²

1202 1218 1252 1257 ad
1270 1208 1389 1268 ffil
1402 1222 1422 1243 2
1436 1223 1669 1259 ut44.5427
1689 1219 1738 1258 ad
1757 1223 1958 1260 59.09736
1978 1219 2086 1269 digit.
2108 1216 2234 1255 Lond.

1199 1283 1286 1318 quae
1318 1281 1374 1308 est
1401 1272 1605 1324 longitudo
1630 1272 1789 1320 penduli
1813 1273 1996 1321 simplicis
2018 1273 2066 1311 ad
2092 1273 2245 1325 singula

1199 1323 1351 1361 minuta
1368 1327 1552 1373 temporis
1570 1326 1689 1363 medii
1703 1326 1921 1363 oscillantis.

1254 1381 1291 1414 2.
1323 1378 1648 1426 Experimentum
1673 1378 1806 1416 eadem
1826 1378 1889 1417 die
1907 1392 2072 1428 vespere.
2135 1380 2246 1417 Lon·

1198 1428 1336 1478 gitudo
1353 1433 1548 1470 observata
1575 1436 1638 1470 45.
1664 1436 1725 1468 18.
1750 1431 1859 1482 digit.
1884 1432 2012 1469 Lond.
2038 1433 2246 1483 longitudo

1198 1494 1287 1520 vera
1323 1487 1508 1523 44.5777.
1586 1484 1786 1522 Numerus
1821 1484 2103 1522 oscillationum
2139 1485 2246 1536 globi

1199 1540 1301 1574 3387
1323 1543 1495 1585 tempore
1519 1536 1647 1575 medio
1669 1541 1842 1576 5616.75
1862 1538 2019 1575 secund.
2043 1537 2149 1576 unde
2175 1540 2244 1575 ha-

1197 1589 1308 1627 betur
1344 1588 1548 1640 longitudo
1583 1590 1745 1639 penduli
1781 1590 1966 1640 simplicis
2003 1590 2052 1628 ad
2089 1591 2245 1641 singula

1196 1641 1348 1679 minuta
1362 1644 1530 1681 secunda
1542 1643 1750 1681 oscillantis
1763 1648 1933 1683 39.0941
1950 1643 2057 1693 digit.
2075 1644 2245 1682 Londin.

1247 1699 1287 1732 5.
1338 1696 1662 1744 Experimentum
1713 1701 1772 1735 14.
1813 1697 1841 1736 J
1845 1696 1926 1734 ulii.
2018 1697 2245 1747 Longitudo

1195 1748 1392 1788 observata
1418 1755 1553 1788 5636.
1575 1750 1781 1799 longitudo
1809 1762 1897 1787 vera
1926 1753 2100 1788 35.6596
2129 1749 2241 1800 digit.

1197 1799 1325 1839 Lond.
1350 1814 1536 1840 numerus
1563 1803 1847 1841 oscillationum
1875 1802 1981 1853 globi
2009 1807 2115 1841 5740
2143 1810 2241 1840 tem-

1194 1865 1288 1902 pore
1313 1854 1442 1894 medio
1468 1859 1641 1895 5571.75
1670 1857 1828 1894 secund.
1852 1855 2056 1907 longitudo
2080 1856 2242 1905 penduli

1194 1907 1356 1956 quaesita
1375 1914 1587 1948 39.09827.
1611 1909 1723 1960 digit.
1749 1909 1878 1947 Lond.

1246 1964 1284 1997 4.
1319 1962 1641 2010 Experimentum
1673 1968 1730 2002 16.
1750 1962 1861 2002 Julii.
1922 1962 2151 2012 Longitudo
2174 1965 2241 2001 ob·

1193 2020 1339 2051 servata
1355 2019 1489 2055 56.97.
1514 2015 1717 2066 longitudo
1736 2028 1825 2053 vera
1841 2020 2030 2054 56.5696.
2055 2028 2242 2053 numerus

1194 2065 1477 2105 oscillationum
1491 2068 1595 2119 globi
1611 2073 1716 2107 5852
1730 2077 1902 2117 tempore
1917 2068 2046 2105 medio
2064 2074 2240 2107 5695.88

1193 2120 1350 2158 secund.
1396 2121 1602 2173 longitudo
1642 2121 1803 2170 penduli
1839 2122 2000 2173 quaesita
2035 2126 2238 2162 59.09703

1193 2171 1301 2222 digit.
1322 2173 1451 2212 Lond.
2137 2222 2140 2225 ⁴

1245 2229 1282 2264 5.
1319 2227 1640 2276 Experimentum
1664 2232 1724 2268 19.
1746 2228 1858 2268 Julir.
1917 2228 2146 2278 Longitudo
2169 2231 2238 2267 ob.

1192 2287 1337 2318 servata
1360 2284 1527 2327 55.185.
1557 2281 1760 2332 longitudo
1791 2294 1880 2318 vera
1911 2285 2099 2320 54.5846.
2123 2281 2235 2334 digit.

1191 2343 1377 2371 numerus
1404 2334 1688 2372 oscillationum
1715 2335 1821 2385 globi
1840 2337 1946 2373 5870
1964 2341 2136 2383 tempore
2154 2349 2238 2373 me-

1190 2383 1256 2422 dio
1268 2390 1385 2426 5659.
1393 2391 1455 2426 85.
1475 2387 1633 2425 secund.
1649 2387 1808 2436 penduli
1821 2386 1979 2437 quaesita
1994 2392 2236 2427 59.096485.

1247 2443 1283 2477 6.
1321 2440 1647 2488 Experimentum
1680 2444 1717 2479 5.
1748 2440 1933 2491 Augusti.
2007 2441 2236 2492 Longitudo

1189 2492 1384 2530 observata
1401 2496 1561 2532 45.427.
1584 2493 1789 2544 longitudo
1813 2506 1902 2531 vera
1925 2498 2099 2532 44.8247
2120 2494 2230 2545 digit.

1190 2544 1318 2582 Lond.
1342 2559 1528 2585 numerus
1559 2546 1843 2585 oscillationum
1871 2546 1978 2597 globi
2005 2550 2110 2586 3563
2135 2554 2233 2585 tem-

1185 2610 1277 2646 pore
1305 2599 1432 2637 medio
1456 2603 1633 2639 5815.05
1660 2599 1816 2639 secund.
1841 2599 2046 2651 longitudo
2073 2601 2234 2652 quaesita

1184 2655 1426 2693 39.o9787.‘2.

1241 2704 1306 2742 Ex
1325 2706 1386 2744 his
1403 2707 1583 2745 omnibus
1601 2706 1873 2756 experimentis
1891 2707 2087 2745 invenitur
2105 2708 2233 2745 media

1184 2758 1388 2809 longitudo
1414 2760 1574 2808 penduli
1603 2765 1804 2799 39.09686
1823 2760 1932 2811 digit.
1960 2761 2087 2798 Lond.
2149 2761 2229 2798 Ve-

1184 2809 1273 2850 rum
1293 2811 1324 2848 si
1348 2812 1539 2862 rejiciatur
1565 2813 1780 2851 secundum
1800 2814 2106 2862 experimentum
2125 2814 2231 2863 quod

1184 2866 1233 2902 ab
1259 2864 1342 2902 aliis
1368 2866 1539 2916 quinque
1565 2866 1665 2904 inter
1696 2880 1736 2904 se
1759 2869 1873 2914 probe
1902 2866 2229 2904 consentientibus

1184 2916 1300 2954 nimis
1326 2918 1479 2966 differt3
1508 2920 1636 2957 media
1663 2919 1868 2970 longitudo
1900 2919 2026 2969 prodit
2052 2924 2229 2958 59.0974

1184 2968 1293 3021 digit.
1313 2971 1442 3010 Lond.
1504 2973 1595 3010 Hoc
1613 2980 1745 3010 autem
1764 2973 2071 3021 experimentum
2090 2984 2228 3009 secun-

1183 3022 1278 3061 dum
1297 3025 1402 3075 rejici
1421 3024 1568 3069 debere,
1590 3025 1681 3063 inde
1699 3025 1815 3063 etiam
1834 3024 2103 3062 concludimus
2121 3025 2227 3075 quod

1182 3085 1335 3117 sextum
1354 3077 1521 3118 maxime
1540 3087 1764 3116 accuratum
1782 3078 1891 3115 nobis
1908 3077 2034 3114 visum
2053 3077 2111 3121 sit,
2134 3090 2227 3116 nam

1182 3130 1342 3168 omnino
1361 3131 1546 3169 invariata
1563 3132 1640 3169 fuit
1656 3132 1710 3169 fili
1734 3130 1937 3181 longitudo
1956 3137 2037 3167 toto
2050 3132 2225 3169 observa-

1180 3182 1297 3221 tionis
1310 3192 1493 3233 tempore,
1509 3193 1547 3223 et
1561 3197 1694 3222 omnes
1709 3196 1918 3222 concursus
1931 3182 2224 3233 diligentissime

1179 3237 1300 3276 notati
1318 3238 1418 3275 inter
1436 3251 1476 3275 se
1494 3239 1769 3289 congruebant.

1236 3307 1313 3345 Pes
1346 3307 1606 3345 Londinensis
1636 3305 1755 3357 vulgo
1791 3306 2021 3355 supponitur
2056 3320 2137 3345 esse
2172 3309 2223 3347 ad

1177 3360 1264 3408 ped.
1292 3360 1412 3398 Paris.
1436 3368 1481 3398 ut
1513 3363 1584 3398 135
1607 3359 1655 3397 ad
1679 3364 1752 3396 144
1772 3359 1832 3396 vel
1851 3360 1966 3397 etiam
1986 3368 2030 3398 ut
2053 3365 2154 3399 1000
2171 3361 2223 3399 ad

1183 3418 1295 3459 1068,
1328 3412 1407 3463 qua
1442 3413 1587 3451 ratione
1623 3411 1714 3450 cum
1744 3411 1914 3461 primum
1945 3414 2006 3450 usi
2036 3427 2218 3460 essemus,

1176 3465 1293 3516 longe
1312 3468 1513 3510 minorem,
1528 3465 1645 3515 quam
1662 3478 1732 3513 par
1750 3474 1816 3512 cst,
1833 3466 1990 3514 penduli
2007 3467 2221 3517 longitudi-

1177 3531 1267 3556 nem
1298 3520 1598 3567 inveniebamus..
1660 3519 1735 3557 Sed
1766 3520 1863 3558 ratio
1887 3517 1954 3556 illa
1983 3520 2023 3556 in
2050 3534 2091 3557 re
2123 3519 2220 3558 adeo

1177 3572 1306 3609 subtili
1333 3573 1421 3610 satis
1447 3581 1623 3610 accurata
1650 3584 1729 3609 non
1748 3580 1815 3610 est.
1877 3573 1980 3610 Nam
2004 3574 2056 3611 D.
2086 3573 2217 3611 Godin

1178 3624 1360 3662 Monum.
1388 3625 1510 3662 Acad.
1540 3626 1639 3676 Reg.
1667 3626 1919 3663 Scientiarum
1940 3626 1989 3664 ad
2008 3640 2069 3664 an.
2096 3630 2211 3665 1735.

1174 3690 1261 3729 pag.
1287 3682 1377 3724 508,
1397 3679 1525 3716 scribit
1544 3691 1584 3715 se
1602 3691 1692 3716 cum
1715 3680 1767 3717 D.
1795 3680 1983 3730 Bouguer
2001 3682 2218 3718 observasse

1176 3746 1313 3795 pedem
1336 3744 1464 3782 Lond.
1486 3758 1526 3782 se
1544 3746 1681 3784 habere
1698 3745 1748 3784 ad
1765 3746 1850 3795 ped.
1875 3747 1996 3784 Paris.
2015 3754 2060 3784 ut
2083 3733 2217 3794 135131-

1176 3798 1224 3837 ad
1249 3803 1359 3836 1440.
1422 3799 1461 3835 Si
1479 3799 1578 3837 hanc
1597 3799 1845 3837 adhibeamus
1863 3800 2062 3846 rationem,
2091 3801 2217 3849 longi-

1177 3850 1271 3890 tudo
1299 3851 1458 3900 penduli
1491 3853 1629 3891 Romoe
1654 3853 1725 3891 crit
1755 3859 1790 3890 3.
1815 3853 1900 3902 ped.
1929 3854 2047 3891 Paris.
2073 3858 2109 3890 8.
2143 3855 2212 3891 lin·
