2528 4172
161 281 668 346 LmERTEnT1us.]
747 277 1153 332 PRINCIPIA
1194 270 1813 327 MATHEMATICA.
2264 279 2293 320 s

152 425 439 496 quadrant3
478 434 530 476 et
553 443 672 494 quae
695 423 860 473 minui
885 439 990 473 non
1016 429 1250 489 possunt,
1278 436 1385 470 non
1411 427 1631 486 possunt
1656 415 1861 469 auferri.
1929 413 2085 467 Certe
2113 424 2296 466 contra

151 514 627 582 experimentorum
663 519 898 561 tenorem
935 506 1135 559 somnia
1170 503 1366 557 temere
1404 503 1753 575 confingenda
1789 521 1896 554 non
1943 513 2079 565 sunt,
2124 521 2223 554 nec
2266 522 2295 554 a

149 612 353 654 naturae
396 598 632 671 analogia
674 597 1025 650 recedendum
1075 605 1169 670 est,
1211 593 1331 647 cum
1367 613 1430 646 ea
1466 594 1688 662 simplex
1725 612 1837 645 esse
1886 593 2049 645 soleat
2098 602 2151 644 et
2200 593 2298 644 sibi

152 711 356 762 semper
380 682 625 744 consona.
701 689 955 741 Extensio
980 671 1259 757 corporum
1285 705 1392 738 non
1417 686 1518 737 nisi
1542 704 1637 755 per
1662 704 1842 738 sensus
1867 685 2160 748 innotescit,
2200 703 2299 736 nec

147 785 204 836 in
228 783 467 836 omnibus
494 781 745 834 sentitur}
773 781 865 832 sed
892 780 1014 851 quia
1039 778 1364 832 sensibilibus
1390 778 1633 830 omnibus
1659 779 1922 848 competit,
1951 779 2018 831 de
2042 778 2297 830 universis

147 872 447 927 affirmatur.
525 871 764 940 Corpora
798 870 951 939 plura
976 869 1111 921 dura
1136 887 1245 921 esse
1270 868 1587 937 experimur.
1665 867 1851 919 Oritur
1876 878 2051 919 autem
2076 867 2296 918 durities

146 963 303 1016 totius
332 982 363 1014 a
388 962 576 1014 duritie
600 961 843 1031 partium,
872 969 925 1012 et
948 959 1070 1011 inde
1103 978 1210 1011 non
1235 958 1426 1010 horum
1450 957 1655 1010 tantum
1683 976 1966 1026 corporum
1992 976 2111 1028 quae
2137 958 2294 1010 senti-

146 1063 319 1117 untur,
359 1053 452 1105 sed
489 1053 709 1105 aliorum
747 1045 903 1104 etiam
939 1050 1172 1102 omnium
1197 1049 1476 1118 particulas
1502 1049 1748 1101 indivisas
1774 1068 1886 1101 esse
1913 1050 2070 1101 duras
2107 1048 2296 1102 merito

148 1142 519 1195 concludimus
636 1142 875 1211 Corpora
931 1140 1107 1192 omnia
1166 1139 1581 1209 impenetrabilia
1630 1158 1762 1204 esse,
1795 1157 1900 1193 non
1950 1141 2151 1193 ratione
2201 1140 2295 1192 sed

146 1252 300 1286 sensu
338 1233 647 1305 colligimus.
725 1233 863 1294 Quae
899 1241 1195 1296 tractamus,
1238 1232 1652 1300 impenetrabilia
1689 1232 2040 1297 inveniuntur,
2085 1244 2136 1284 et
2172 1232 2296 1283 inde

146 1325 503 1378 concludimus
528 1326 1066 1395 impenetrabilitatem
1092 1343 1203 1376 esse
1221 1323 1596 1393 proprietatem
1615 1341 1893 1392 corporum
1915 1324 2292 1375 universorum.

151 1416 390 1485 Corpora
432 1417 608 1469 omnia
643 1416 855 1469 mobilia
891 1436 1018 1480 esse,
1059 1425 1111 1468 et
1146 1415 1342 1467 viribus
1386 1414 1699 1485 quibusdam
1735 1417 1884 1483 (quas
1921 1413 2056 1465 vires
2093 1414 2297 1466 inertiae

146 1507 412 1573 vocamus)
456 1525 788 1576 perseverare
829 1507 885 1558 in
909 1516 1056 1558 motu
1099 1505 1180 1557 vel
1224 1504 1413 1576 quiete,
1454 1522 1522 1556 ex
1557 1503 1703 1555 hisce
1740 1522 2021 1573 corporum
2065 1504 2295 1555 visorum

147 1594 549 1663 proprietatibus
575 1594 881 1666 colligimus,
959 1593 1230 1656 ExtensiO,
1259 1592 1491 1656 duritieS,
1520 1591 2004 1661 impenetrabilitaS,
2031 1592 2295 1644 mobilitas

145 1695 196 1735 et
219 1685 295 1737 vis
321 1685 521 1737 inertiae
547 1686 705 1737 totius
731 1686 896 1738 oritur
921 1686 986 1737 ab
1013 1685 1332 1748 extensione,
1355 1684 1563 1747 duritie,
1590 1684 2097 1753 impenetrabilitate,
2127 1684 2296 1735 mobi-

142 1773 284 1825 litate
328 1784 380 1826 et
421 1775 615 1826 viribus
659 1775 860 1827 inertiae
894 1775 1149 1844 partium:
1189 1785 1241 1826 et
1277 1773 1401 1826 inde
1443 1773 1803 1826 concludimus
1842 1792 2021 1825 omnes
2060 1774 2295 1824 omnium

143 1881 422 1931 corporum
463 1873 638 1933 partes
680 1863 920 1915 minimas
962 1863 1174 1915 extendi
1217 1873 1269 1915 et
1319 1863 1477 1914 duras
1527 1881 1640 1914 esse
1682 1873 1734 1915 et
1775 1863 2194 1931 impenetrabiles
2246 1873 2296 1914 et

142 1953 358 2004 mobiles
384 1962 436 2004 et
459 1952 654 2005 viribus
679 1953 880 2004 inertiae
903 1952 1165 2022 praeditaS.
1218 1953 1289 2004 Et
1312 1951 1414 2004 hoc
1434 1961 1511 2003 est
1529 1951 1924 2004 fundamentum
1949 1952 2296 2022 philosophiae

144 2042 321 2093 totius·
399 2042 568 2094 Porro
606 2060 887 2111 corporum
923 2052 1100 2110 partes
1137 2042 1329 2094 divisas
1353 2052 1405 2095 et
1431 2042 1529 2094 sibi
1553 2041 1738 2094 mutuo
1765 2043 2034 2114 contiguas
2062 2045 2127 2095 ab
2164 2044 2295 2096 invi—

143 2151 257 2185 cem
283 2132 510 2201 separari
533 2151 703 2201 posse,
732 2151 800 2183 ex
823 2132 1182 2201 phaenomenis
1204 2133 1460 2194 novimus,
1490 2142 1541 2184 et
1564 2142 1741 2201 partes
1768 2133 2015 2184 indivisas
2040 2133 2095 2183 in
2121 2144 2296 2202 partes

2099 2223 2295 2276 Utrum

141 2314 265 2368 vero
289 2324 462 2385 partes
487 2314 590 2366 illae
616 2313 874 2366 distinctae
900 2324 951 2366 et
975 2314 1211 2365 nondum
1237 2313 1417 2365 divisae
1450 2332 1545 2382 per
1569 2314 1709 2365 vires
1734 2322 1937 2365 naturae
1963 2313 2124 2365 dividi
2152 2325 2204 2367 et
2229 2315 2295 2367 ab

141 2406 361 2458 invicem
386 2405 617 2475 separari
639 2405 856 2474 possint,
884 2405 1141 2457 incertum
1168 2414 1262 2457 est.
1342 2404 1418 2456 At
1443 2405 1487 2456 si
1512 2405 1595 2457 vel
1620 2405 1776 2457 unico
1802 2414 2062 2458 constaret
2087 2408 2292 2476 experi-

141 2507 318 2548 mento
343 2496 486 2566 quod
508 2495 763 2565 particula
781 2495 954 2565 aliqua
977 2494 1216 2557 indivisa,
1237 2493 1529 2566 frangendo
1556 2513 1745 2564 corpus
1766 2495 1958 2547 durum
1977 2505 2028 2548 et
2047 2497 2290 2561 solidum,

142 2586 445 2638 divisionem
469 2580 761 2654 pateretur:
803 2585 863 2653 (⁰)
891 2583 1318 2636 concluderemus
1343 2584 1395 2635 vi
1413 2584 1567 2654 hujus
1593 2585 1806 2656 regulae,
1830 2586 1971 2656 quod
1996 2605 2104 2638 non
2124 2587 2292 2639 solum

141 2224 367 2276 minores
404 2223 604 2275 ratione
642 2223 890 2294 distingui
929 2240 1081 2291 posse
1110 2223 1174 2291 (b)
1202 2241 1270 2274 ex
1294 2221 1661 2274 mathematica
1689 2232 1888 2274 certum
1927 2232 2020 2274 est.

197 2709 254 2762 (b)
274 2715 339 2750 50.
361 2712 384 2734 *
415 2711 479 2749 Eae
504 2708 770 2749 mathematica
798 2717 947 2749 certum
974 2717 1039 2749 est.
1101 2709 1184 2748 De-

1239 2709 1487 2760 agnoscimus
1505 2710 1709 2761 qualitates
1727 2711 1960 2758 essentiales,
1987 2712 2190 2760 doctrin523
2230 2713 2289 2764 ig-

144 2764 438 2802 monstrationes
464 2764 606 2813 passim
632 2764 879 2812 reperiuntur
899 2763 1006 2813 apud
1030 2775 1097 2802 eos
1116 2776 1187 2802 au-

1240 2775 1426 2801 noramus
1455 2762 1581 2813 plane,
1614 2764 1743 2815 inquit
1771 2765 1850 2811 ille,
1879 2778 2062 2816 quaenam
2086 2766 2290 2816 qualitates

144 2826 243 2855 tores
261 2817 328 2867 qui
346 2817 394 2855 de
412 2817 582 2855 materiae
599 2816 858 2855 divisibilitate
880 2823 1056 2863 tractant,
1076 2824 1121 2855 ut
1140 2828 1188 2854 ex

145 2869 601 2909 incommensurabilitate
644 2869 773 2908 lateris
815 2869 993 2921 quadrati
1029 2878 1068 2908 et
1104 2870 1189 2921 ejus

147 2922 369 2973 diagonalis,
390 2924 459 2961 &c.

199 2976 255 3029 (⁰)
287 2981 307 3002 ‘⁵
345 2979 662 3017 concluderemus
680 2978 716 3016 vi
732 2976 849 3027 hujus
867 2979 1023 3027 regulae,
1051 2989 1121 3015 seu
1139 2989 1189 3015 ex

147 3030 323 3080 analogia
349 3038 497 3068 naturae
524 3043 612 3081 quae
638 3029 802 3079 simplex
830 3043 910 3068 esse
937 3029 1034 3068 solet
1058 3038 1097 3068 et
1118 3029 1190 3068 sibi

145 3095 293 3131 semper
311 3096 491 3122 consona.
536 3087 557 3109 '⁸
581 3083 692 3122 Hinc
710 3090 816 3132 patet
834 3083 1051 3122 differentia
1074 3084 1107 3120 N
1111 3096 1187 3121 ew-

145 3136 365 3174 tonianismi
385 3144 423 3175 et
445 3137 716 3186 Hypotheseos
739 3137 997 3184 Atomorum;
1028 3137 1186 3175 atomis-

147 3195 196 3226 τω
223 3188 435 3228 necessario
462 3197 501 3228 et
526 3188 786 3240 metaphysica}
812 3197 962 3228 atomos
979 3195 1061 3228 esse
1084 3190 1184 3229 indi-

146 3240 311 3280 visibiles
354 3243 503 3289 volunt,
540 3250 587 3281 ut
620 3244 698 3281 sint
741 3255 947 3292 corporum
990 3244 1184 3292 unitates;

148 3295 444 3344 metaphysicam
474 3297 573 3334 hanc
609 3296 864 3347 quaestionem
898 3297 1055 3347 missam
1092 3297 1186 3335 facit

150 3345 378 3394 Newtonus,
406 3355 445 3387 et
470 3349 548 3387 huc
575 3349 675 3387 redit
701 3349 785 3400 ejus
811 3351 1013 3397 sententia,
1046 3350 1077 3388 si
1106 3350 1184 3387 illae

147 3407 273 3447 partes
307 3413 402 3452 quas
439 3402 550 3439 Deus
584 3402 757 3440 condidit
791 3402 983 3447 indivisas,
1021 3415 1185 3453 quaeque

146 3452 236 3490 ideo
255 3460 346 3490 sunt
364 3465 566 3502 corporum
593 3455 750 3505 physica
774 3455 966 3494 elementa
991 3469 1061 3494 seu
1085 3457 1183 3506 phy-

146 3505 235 3543 sicae
270 3505 465 3551 monades,
510 3507 725 3559 frangendo
769 3508 1044 3555 dividerentur,
1090 3517 1185 3547 tunc

148 3557 287 3597 exinde
323 3558 459 3602 edocti,
504 3566 757 3599 statueremus
802 3574 867 3599 eas
902 3575 1013 3611 posse
1049 3562 1183 3608 dividi,

147 3611 314 3662 ideoque
337 3610 500 3649 ulterius
524 3612 761 3663 ulteriusque
782 3614 865 3651 sine
882 3614 959 3653 fine
978 3615 1186 3653 divisibiles

146 3677 229 3702 esse
254 3664 482 3708 diceremus
510 3677 666 3703 omnem
679 3666 752 3705 hac
771 3666 819 3704 de
837 3679 879 3705 re
896 3667 1085 3706 theoriam
1103 3680 1187 3706 me-

147 3716 385 3766 taphysicam
430 3717 702 3766 experimentis
744 3719 857 3757 facile
898 3728 1183 3770 postponentes-

149 3769 252 3808 Haec
283 3770 398 3809 etiam
428 3770 556 3809 fluunt
584 3783 632 3809 ex
666 3771 815 3819 Lockii,
848 3772 898 3812 de
926 3774 1075 3813 ratione
1109 3773 1191 3826 qua

1241 2829 1333 2854 cum
1351 2817 1514 2868 subjecti
1532 2818 1672 2856 natura
1690 2818 1767 2856 sint
1786 2819 2004 2870 conjunctae
2023 2821 2053 2857 si
2066 2832 2148 2856 rem
2167 2828 2288 2857 meta-

1241 2870 1397 2920 physice
1415 2878 1657 2919 spectemus;
1678 2872 1745 2909 sed
1764 2872 1808 2910 fit
1826 2881 1871 2910 ut
1889 2872 2128 2921 experientia
2145 2873 2287 2923 magis-

1241 2923 1314 2970 tra,
1343 2925 1413 2962 has
1439 2924 1579 2962 aliasve
1606 2925 1810 2976 qualitates
1837 2924 1888 2963 ad
1914 2926 2093 2963 universa
2117 2927 2286 2976 subjecta

1241 2990 1330 3027 quae
1361 2977 1411 3015 ad
1447 2978 1625 3015 eamdem
1660 2978 1821 3016 classem
1857 2979 2061 3016 referimus
2097 2980 2287 3028 pertinere

1243 3030 1592 3079 deprehendamus,
1627 3039 1694 3070 aut
1723 3032 1860 3069 saltem
1891 3032 1941 3070 ad
1973 3033 2105 3069 omnia
2135 3032 2176 3069 in
2199 3043 2286 3083 quae'

1242 3084 1507 3133 experimenta
1532 3084 1734 3123 instituere
1762 3085 1884 3131 licuit,
1910 3092 1949 3123 et
1976 3098 2040 3122 eas
2067 3086 2287 3124 essentiales

1239 3137 1367 3176 dicere
1398 3137 1539 3175 lubuit.
1600 3138 1711 3177 Hinc
1739 3137 1856 3176 infert
1890 3138 2116 3182 Newtonus
2147 3138 2287 3177 eadem

1238 3190 1313 3228 ista
1330 3189 1468 3241 regula.
1512 3190 1564 3229 ua
1578 3192 1726 3230 utimur
1743 3190 1863 3240 vulgo
1881 3190 1929 3228 ad
1949 3192 2210 3242 agnoscendas
2222 3205 2286 3230 eas

1239 3244 1455 3295 qualitates,
1474 3244 1609 3283 eadem
1630 3245 1747 3283 etiam
1765 3242 1903 3294 regula
1921 3243 1963 3281 in
1982 3246 2097 3283 rebus
2113 3246 2285 3294 philoso-

1239 3297 1361 3346 phicis
1379 3296 1438 3335 uti
1456 3296 1643 3335 debemus
1665 3297 1734 3335 ubi
1759 3296 1998 3345 experientia
2015 3299 2187 3347 quidem,
2218 3298 2285 3337 sed

1237 3350 1369 3388 minus
1395 3350 1509 3388 obvia
1541 3363 1586 3389 ac
1614 3350 1776 3401 vulgari,
1815 3349 1981 3389 similem
2016 3351 2285 3390 inductionem

1239 3403 1440 3442 instituere
1475 3405 1642 3443 dabitur.
1721 3401 1920 3455 Adjungit
1952 3403 2112 3454 quidem
2147 3414 2286 3454 praeter

1237 3469 1324 3495 eam
1350 3456 1629 3503 inductionem,
1657 3463 1887 3494 caracterem
1911 3458 2018 3496 hunc
2049 3459 2283 3509 metaphysi-

1238 3522 1342 3555 cum,
1376 3517 1424 3549 ut
1446 3508 1533 3548 'illae
1559 3509 1762 3560 qualitates
1793 3509 1947 3549 intendi
1975 3524 2021 3549 ac
2047 3511 2193 3549 remitti
2217 3525 2285 3549 ne-

1238 3569 1396 3613 queant,
1439 3562 1584 3601 etenim
1619 3561 1822 3613 qualitates
1856 3577 1945 3614 quae
1986 3564 2284 3609 remitterentur,

1238 3615 1430 3666 gradatim
1449 3615 1586 3655 eadem
1596 3616 1745 3654 ratione
1762 3616 1842 3666 qua
1859 3617 2121 3664 remittuntur,
2142 3618 2288 3657 aboleri

1240 3675 1406 3717 possent,
1440 3668 1571 3719 sicque
1605 3669 1876 3709 universorum
1920 3683 2126 3720 corporum
2161 3671 2286 3722 quali,

1241 3727 1338 3760 tates
1356 3734 1435 3760 non
1453 3721 1621 3772 amplius
1637 3721 1777 3762 forent.

1176 3845 1257 3884 04
