2528 4172
256 304 319 349 38
756 295 1324 352 PHILOSOPHIAE
1366 296 1818 351 NATURALIS
1875 296 1994 360 [DE
2017 295 2219 348 MUND.
2244 296 2397 348 SYsr.

329 443 493 493 Corol.
543 450 591 494 3.
657 442 1000 493 Innotescunt
1049 442 1203 493 etiam
1243 442 1521 493 densitates
1565 441 1904 509 planetarum.
1983 439 2122 491 Nam
2164 439 2398 506 pondera

253 549 529 598 corporum
567 531 844 600 aequalium
881 540 933 582 et
968 531 1414 602 homogeneorum
1449 532 1505 581 in
1544 531 1773 598 sphaeras
1811 531 2161 599 homogeneas
2189 537 2308 577 sunt
2341 528 2394 577 in

251 619 622 687 superficiebus
665 619 990 687 sphaerarum
1031 629 1089 671 ut
1122 620 1447 688 sphaerarum
1497 621 1749 683 diametri,
1802 639 1896 688 per
1941 621 2097 687 Prop.
2145 618 2393 669 LXXII.

250 707 369 759 Lib.
400 707 443 757 Ι.
483 707 705 777 ideoque
744 707 1069 775 sphaerarum
1105 708 1571 779 heterogenearum
1608 708 1885 760 densitates
1927 707 1979 776 (1)
2010 717 2129 758 sunt
2162 717 2220 757 ut
2262 725 2394 774 pon-

249 796 379 847 dera
415 797 504 847 illa
540 797 798 866 appHcata
835 797 901 848 ad
939 797 1262 865 sphaerarum
1299 797 1593 849 diametros.
1673 798 1840 849 Erant
1877 808 2049 847 autem
2074 815 2210 846 verae
2240 795 2391 857 Solis,

246 886 407 948 Jovis,
439 886 647 938 Saturni
673 905 734 937 ac
762 886 944 938 Terrae
976 885 1214 938 diametri
1239 886 1305 937 ad
1330 886 1552 938 invicem
1578 896 1637 936 ut
1668 894 1857 948 10000,
1888 892 2009 947 997,
2041 891 2137 939 791
2183 893 2234 934 et
2272 891 2389 946 109,

245 985 297 1028 et
321 976 556 1044 pondera
581 976 634 1026 in
669 976 880 1028 eosdem
906 986 964 1027 ut
994 984 1183 1039 10000,
1222 984 1343 1038 943,
1374 982 1477 1028 529
1505 984 1556 1027 et
1581 982 1683 1027 435
1711 972 2013 1043 respective,
2043 983 2093 1024 et
2117 983 2394 1042 propterea

243 1066 524 1118 densitates
552 1075 671 1117 sunt
695 1075 753 1116 ut
784 1073 900 1128 100,
931 1069 1052 1131 94ὲ,
1082 1071 1149 1120 67
1177 1075 1229 1117 et
1254 1073 1375 1117 400.
1454 1058 1535 1133 (ΠΙ)
1573 1065 1819 1116 Densitas
1847 1064 2029 1114 Terrae
2065 1081 2180 1133 quae
2217 1062 2393 1131 prodit

246 1174 313 1207 ex
337 1154 439 1205 hoc
466 1158 712 1222 computo
737 1172 845 1203 non
869 1153 1065 1221 pendet
1090 1173 1120 1204 a
1143 1153 1396 1221 parallaxi
1420 1153 1570 1215 Solis,
1594 1152 1683 1204 sed
1706 1153 2078 1203 determinatur
2102 1170 2197 1219 per
2221 1151 2391 1219 paral-

241 1244 385 1295 laxin
424 1243 610 1305 Lunae,
652 1253 702 1294 et
738 1253 1015 1311 propterea
1038 1243 1124 1294 hic
1150 1243 1289 1295 recte
1316 1243 1578 1295 definitur.
1657 1244 1753 1294 Est
1776 1243 1935 1314 igitur
1965 1243 2055 1295 Sol
2080 1241 2237 1311 paulo
2263 1243 2390 1293 den-

242 1337 347 1386 sior
374 1332 529 1403 quam
555 1334 777 1401 Jupiter,
807 1344 857 1385 et
876 1334 1081 1402 Jupiter
1107 1333 1262 1404 quam
1292 1337 1562 1398 Saturnus,
1593 1345 1644 1387 et
1670 1336 1838 1387 Terra
1863 1334 2153 1406 quadruplo
2179 1335 2391 1386 densior

241 1422 398 1495 quam
441 1423 548 1475 Sol.
626 1423 763 1473 Nam
802 1441 897 1491 per
935 1423 1199 1494 ingentem
1236 1443 1387 1475 suum
1413 1424 1638 1476 calorem
1668 1425 1759 1477 Sol
1785 1425 2011 1476 rarescit.
2087 1424 2242 1476 Luna
2265 1422 2388 1475 vero

240 1513 450 1566 densior
478 1522 553 1563 est
580 1510 734 1581 qua-m
764 1512 947 1574 Terra,
976 1522 1034 1562 ut
1059 1512 1114 1562 in
1141 1513 1474 1582 sequentibus
1499 1514 1711 1582 patebit.

316 1604 479 1654 Corol.
508 1609 557 1652 4.
598 1600 885 1652 Densiores
912 1600 1071 1670 igitur
1097 1612 1218 1652 sunt
1240 1602 1465 1669 planetae
1492 1603 1580 1671 qui
1606 1612 1727 1653 sunt
1751 1603 1995 1665 minores,
2026 1602 2223 1653 caeteris
2248 1600 2387 1669 pari-

235 1694 349 1745 bus.
426 1694 490 1762 (¹¹)
535 1694 620 1746 Sic
657 1694 796 1744 enim
832 1692 908 1744 vis
945 1694 1210 1764 gravitatis
1247 1693 1303 1743 in
1341 1712 1523 1745 eorum
1550 1694 1921 1763 superficiebus
1947 1693 2014 1745 ad
2040 1693 2386 1763 aequalitatem

234 1782 400 1853 magis
439 1781 651 1833 accedit.
732 1781 837 1833 Sed
875 1790 926 1832 et
949 1769 1227 1833 ’densiores
1255 1792 1376 1834 sunt
1399 1782 1638 1850 planetae,
1669 1783 1866 1835 caeteris
1892 1782 2121 1851 paribus,
2151 1782 2240 1851 qui
2266 1790 2386 1832 sunt

238 1874 348 1926 Soli
371 1874 688 1942 propiores3
729 1882 788 1924 ut
824 1873 1032 1941 Jupiter
1073 1874 1315 1936 Saturno,
1357 1883 1408 1925 et
1447 1873 1616 1925 Terra
1652 1874 1799 1926 Jove.
1876 1873 1941 1925 In
1967 1873 2180 1924 diversis
2206 1874 2384 1943 utique

2080 2102 2100 2124 2

1941 2103 2088 2217 ab³3pqs2
2123 2138 2164 2179 χ
2180 2105 2231 2203 Ξ-ἷ,
2244 2133 2382 2185 (deno-

1332 2220 1612 2260 minationibus
1630 2219 1766 2258 iisdem
1785 2219 1965 2258 adhibitis
1982 2233 2070 2270 quae
2089 2221 2130 2256 in
2149 2219 2249 2257 notis
2270 2219 2326 2272 (⁸)
2343 2224 2382 2255 et

1336 2275 1387 2327 (i)
1418 2275 1675 2325 assignantur.
1738 2274 1962 2311 Densitates
1993 2272 2083 2310 vero
2114 2279 2205 2309 sunt
2233 2281 2277 2310 ut
2313 2271 2381 2309 illa

1334 2328 1506 2378 pondera
1532 2327 1722 2375 applicata
1747 2327 1798 2365 ad
1825 2327 2063 2374 sphaerarum
2089 2324 2294 2363 diametros
2319 2324 2379 2361 vei

1335 2381 1680 2426 semi-diametros3
1718 2379 2019 2418 semi-diameter
2050 2390 2139 2416 vera
2171 2378 2271 2415 Solis
2300 2385 2381 2415 erat

231 2104 363 2143 Lunae
376 2115 412 2153 q,
434 2102 556 2153 liquet
569 2102 675 2153 quod
689 2101 721 2139 si
735 2101 902 2140 varietur
915 2101 1022 2140 sinus
1040 2101 1279 2151 paraliaxeos

233 2157 333 2197 Solis
360 2170 385 2205 p
411 2164 449 2193 et
471 2169 515 2194 ex
538 2156 646 2193 novis
665 2155 1004 2202 observationibus,
1031 2154 1127 2205 puta
1145 2168 1192 2193 ex
1211 2158 1279 2194 ob-

228 2210 442 2249 servatione
466 2209 649 2247 transitus
670 2209 833 2247 Veneris
852 2222 967 2257 super
986 2209 1136 2246 discum
1167 2210 1277 2257 Solis,

227 2264 306 2302 alia
332 2264 536 2312 parallaxis
561 2262 675 2312 cujus
698 2264 806 2300 sinus
829 2262 878 2299 sit
901 2277 931 2299 vr
956 2262 1276 2311 deprehendatur,

228 2330 275 2357 eo
301 2330 394 2355 casu
422 2317 640 2354 invenietur
657 2318 853 2366 quantitas
871 2317 1041 2353 materiae
1061 2316 1101 2352 in
1124 2316 1213 2353 Sole
1231 2317 1281 2354 ad

1333 2136 1619 2184 exprimebatur
1636 2133 1810 2172 numeris
1832 2137 1849 2171 1
1871 2134 1921 2172 ad

1071 2382 1092 2406 a
1106 2370 1123 2396 3
1146 2384 1175 2406 σι-
1186 2371 1204 2397 3

1072 2438 1097 2473 b
1112 2437 1129 2463 3
1148 2448 1173 2485 q
1186 2435 1203 2460 3
1234 2407 1278 2450 Χ

222 2498 305 2593 Ξ-Ξα,
322 2520 452 2572 itaque
465 2521 660 2572 quantitas
666 2522 837 2559 materiae
849 2522 979 2560 Terrae
995 2521 1035 2558 in
1046 2520 1277 2569 praecedenti

225 2608 428 2658 hypothesi
450 2607 685 2657 parallaxeos
698 2621 724 2656 p
738 2617 898 2656 reperta,
921 2607 993 2645 erit
1006 2607 1060 2651 aad
1080 2620 1165 2645 eam
1184 2619 1272 2657 quae

224 2669 321 2700 tunc
348 2662 566 2699 invenietur
593 2668 638 2698 ut
660 2675 688 2710 p
706 2663 723 2689 3
748 2661 798 2698 ad
818 2676 848 2699 a·
861 2661 878 2687 3
897 2662 974 2699 sive
996 2663 1063 2712 (ob
1082 2660 1272 2711 exiguita-

225 2722 303 2806 ἔξω
318 2715 561 2779 angulorum
578 2714 931 2765 paraliacticorum)
958 2722 1003 2752 ut
1030 2714 1120 2752 cubi
1146 2713 1271 2762 paral-

265 2781 377 2807 xeon.

282 2861 332 2913 (¹)
369 2864 392 2886 ’³¹‘
429 2864 529 2900 Sunt
555 2869 599 2900 ut
624 2863 794 2911 pondera
825 2862 904 2900 illa.
965 2860 1071 2897 Nam
1099 2859 1270 2908 pondera

225 2926 431 2964 corporum
449 2914 659 2965 aequalium
678 2922 717 2951 et
735 2915 1066 2964 homogeneorum
1084 2913 1126 2950 in
1145 2914 1269 2962 sphae-

224 2980 285 3005 ras
307 2969 568 3019 homogeneas
591 2974 630 3005 et
653 2966 862 3017 inaequales
880 2967 1031 3004 suntin
1050 2966 1269 3014 superficie-

224 3022 298 3058 bus
329 3022 566 3071 sphaerarum
597 3028 642 3058 ut
678 3021 913 3069 sphaerarum
949 3019 1127 3057 diametri
1165 3020 1270 3071 (loco

224 3074 325 3124 cit.),
356 3082 395 3112 et
420 3073 592 3123 pondera
620 3085 825 3122 corporum
849 3073 1059 3123 aequalium
1079 3080 1116 3110 et
1134 3073 1271 3109 homo-

224 3140 437 3177 geneorum
457 3127 499 3164 in
517 3128 684 3176 sphaeras
702 3128 974 3177 heterogeneas
992 3133 1031 3163 et
1044 3126 1212 3175 aequales
1229 3125 1272 3162 in

223 3181 499 3229 superficiebus
517 3182 755 3229 sphaerarum
773 3187 863 3217 sunt
881 3187 926 3217 ut
939 3179 1171 3230 quantitates
1188 3191 1270 3216 ma·

223 3234 331 3271 teriae
357 3235 399 3271 in
427 3234 595 3282 sphaeris,
626 3234 698 3271 hoc
718 3240 786 3279 est,
811 3240 856 3271 ut
880 3232 1086 3270 densitates
1104 3233 1270 3280 sphaera-

223 3299 314 3324 rum
353 3289 409 3336 (2.
454 3288 543 3325 Lib.
587 3286 658 3336 1.).
721 3284 841 3324 Unde
868 3286 1038 3335 pondera
1065 3297 1270 3333 corporum

224 3340 435 3390 aequalium
463 3348 501 3377 et
528 3342 858 3390 homogeneorum
876 3339 916 3375 in
936 3341 1101 3387 sphaeras
1119 3339 1268 3375 hetero-

223 3405 367 3444 geneas
388 3400 428 3430 et
451 3392 660 3443 inaequales
678 3393 719 3429 in
739 3392 1015 3442 superficiebus
1034 3392 1270 3439 sphaerarum

226 2401 483 2456 quantitatem
502 2403 673 2441 materiae
690 2403 733 2439 in
755 2402 879 2442 Terra
895 2410 940 2440 ut
963 2406 978 2439 1
1002 2401 1052 2439 ad

224 3454 316 3484 sunt
340 3446 382 3483 in
406 3445 554 3483 ratione
572 3445 783 3494 composita
801 3459 848 3483 ex
867 3446 1015 3483 ratione
1034 3444 1268 3483 densitatum
1296 3481 1301 3486 ,

223 3507 263 3537 et
281 3499 557 3537 diametrorum
576 3500 826 3547 sphaerarum,
847 3506 1123 3548 consequenter
1141 3497 1268 3535 densi-

222 3560 321 3590 tates
357 3553 593 3600 sphaerarum
630 3559 722 3589 sunt
752 3552 922 3600 pondera
953 3552 1022 3590 illa
1051 3549 1194 3588 directe
1231 3559 1272 3588 et

224 3606 462 3655 sphaerarum
480 3604 656 3642 diametri
675 3605 833 3643 inverse.

279 3711 348 3763 (m)
380 3714 400 3735 ³¹⁵
426 3713 608 3750 Densitas
634 3714 762 3750 Terrae
780 3725 866 3761 quce
879 3714 1002 3761 prodit
1023 3726 1067 3750 ex
1084 3714 1150 3749 lwc
1170 3725 1269 3749 com-

221 3775 315 3817 puto
336 3778 413 3803 non
437 3768 572 3814 pendet
595 3779 617 3801 (ι
642 3767 832 3813 parallam'
850 3766 954 3810 Solis,
974 3766 1044 3801 ἃς.
1108 3769 1125 3786 *
1155 3764 1270 3801 Ratio

226 3819 444 3867 ponderum
470 3817 511 3855 in
539 3817 629 3867 ipsis
656 3817 930 3866 superficiebus
960 3817 1058 3855 Solis
1080 3825 1119 3856 et
1139 3818 1269 3855 Terrae

1327 2435 1410 2511 ΞΒ,
1432 2474 1470 2505 et
1489 2465 1788 2503 semi-diameter
1811 2477 1901 2503 vera
1928 2465 2058 2503 Terrae
2076 2470 2156 2502 erat
2180 2462 2231 2510 d;
2261 2476 2380 2514 quare

1348 2513 1375 2548 P
2358 2553 2377 2574 2

1327 2576 1536 2624 densitates
1558 2583 1657 2623 Solis
1675 2591 1713 2623 et
1733 2583 1863 2622 Terrae
1882 2592 1991 2623 erant
2009 2590 2054 2621 ut
2073 2555 2137 2610 -Ξ-
2158 2582 2207 2621 ad
2226 2552 2276 2588 ³3
2291 2563 2316 2597 p
2328 2563 2346 2587 S

2081 2618 2143 2656 sd
2226 2614 2379 2666 b³q2d

2097 2677 2156 2731 -.p-

1394 2748 1410 2778 ε
1436 2747 1453 2779 t
1490 2773 1500 2781 .
1756 2741 1876 2778 8353
1958 2748 2010 2779 tt
2056 2771 2066 2780 .
2182 2765 2197 2779 Λ
2344 2766 2353 2774 .

1327 2780 1370 2822 χ
1393 2795 1454 2845 ῃ
1471 2786 1548 2811 εινε
1567 2780 1612 2811 ut
1634 2777 1650 2811 1
1673 2773 1723 2811 ad
1747 2809 1860 2857 b³q2
1892 2778 1934 2820 χ
1956 2796 2025 2843 ῃ,
2054 2784 2097 2809 ιιι
2123 2782 2202 2820 qua
2220 2775 2374 2818 quanti-

1324 2867 1403 2898 tate
1421 2860 1625 2910 parallaxis
1647 2859 1757 2906 Solis,
1775 2873 1862 2910 quae
1880 2858 1999 2897 dubia
2017 2865 2086 2903 est,
2107 2869 2186 2893 non
2205 2853 2373 2901 amplius

1323 2913 1536 2956 adhibetur.
1558 2913 1626 2951 sed
1644 2921 1796 2951 tantum
1815 2913 2047 2964 quantitates
2062 2911 2109 2947 de
2126 2909 2266 2959 quibus
2280 2918 2372 2943 con-

1324 2974 1398 3005 stat
1424 2967 1528 3015 apud
1555 2974 1805 3010 astronomos,
1835 2964 2041 3014 parallaxis
2065 2974 2205 3010 nempe
2226 2960 2370 3005 Lunae3

1324 3020 1625 3058 semi-diameter
1660 3031 1847 3067 apparens
1881 3016 2085 3056 mediocris
2124 3013 2235 3059 Solis,
2274 3011 2371 3050 ratio

1324 3072 1594 3111 distantiarum
1624 3073 1755 3110 Terrae
1774 3079 1813 3109 et
1833 3070 1997 3109 Veneris
2023 3083 2046 3107 a
2077 3067 2177 3113 Sole,
2208 3075 2246 3104 et
2273 3065 2370 3102 ratio

1324 3133 1544 3175 temporum
1563 3125 1845 3174 periodicorum
1862 3123 2025 3161 Veneris
2039 3130 2077 3159 et
2094 3121 2234 3166 Lunae‚
2250 3131 2369 3169 quare

1325 3193 1371 3217 ea
1388 3182 1552 3218 densitas
1577 3181 1703 3217 Terrae
1721 3180 1781 3216 llic
1798 3177 1895 3216 rect&
1914 3178 2103 3230 deffinitur.

1380 3232 1438 3284 (¹¹)
1463 3235 1483 3257 ³¹⁵
1506 3235 1566 3271 Sic
1583 3234 1686 3270 enim
1704 3233 1756 3270 vis
1771 3233 1979 3280 gravitatis.
2025 3226 2223 3272 Quoniam
2241 3227 2367 3275 sphae-

1325 3298 1456 3322 rarum
1484 3286 1827 3335 heterogenearum
1855 3283 2061 3321 densitates
2084 3288 2176 3318 sunt
2200 3288 2245 3317 ut
2269 3292 2366 3328 pon-

1324 3338 1415 3376 dera
1440 3338 1482 3375 in
1509 3350 1641 3375 earum
1669 3336 1944 3385 superficiebus
1962 3335 2011 3372 ad
2031 3336 2265 3383 sphaerarum
2285 3332 2366 3369 dia-

1323 3398 1476 3429 metros
1490 3390 1689 3439 appIicata‚
1719 3388 1884 3439 ideoque
1906 3388 2076 3437 pondera
2102 3395 2145 3424 ut
2163 3386 2368 3424 densitates

1324 3454 1361 3482 et
1380 3446 1614 3493 sphaerarum
1634 3443 1811 3480 diametri
1830 3442 2082 3493 conjunctim,
2114 3442 2144 3476 si
2173 3439 2367 3477 densiores

1323 3498 1400 3535 sint
1426 3497 1590 3545 planetae
1617 3496 1683 3546 qui
1712 3504 1803 3533 sunt
1826 3496 2004 3538 minores,
2035 3494 2163 3531 minor
2181 3492 2366 3530 diameter

1324 3552 1366 3587 in
1394 3550 1507 3587 variis
1534 3549 1696 3598 planetis
1724 3561 1791 3597 per
1818 3549 2002 3598 majorem
2022 3547 2250 3585 densitatem
2269 3542 2365 3594 qua-

1324 3604 1415 3641 dam
1435 3616 1479 3641 ex
1499 3610 1605 3652 parte
1624 3603 1944 3651 compensabitur,
1966 3614 2010 3638 ac
2029 3599 2189 3649 proinde
2205 3598 2259 3634 vis
2277 3609 2362 3646 gra-

1324 3657 1450 3694 vitatis
1476 3657 1517 3693 in
1544 3655 1736 3694 variorum
1764 3655 2006 3703 planetarum
2027 3651 2298 3701 superficiebus
2317 3648 2367 3686 ad

1323 3709 1581 3759 aequalitatem
1617 3709 1741 3758 magis
1777 3708 1932 3745 accedet
1972 3705 2088 3757 quam
2126 3705 2158 3742 si
2202 3702 2368 3751 planetae

1322 3775 1456 3800 omnes
1476 3763 1534 3799 vel
1554 3761 1740 3799 densitate
1766 3762 1931 3812 aequales
1958 3761 2095 3804 forent,
2123 3756 2183 3795 vel
2202 3756 2367 3805 planetae

1323 3815 1485 3866 majores
1503 3815 1630 3852 forent
1649 3814 1863 3854 minoribus
1880 3813 2104 3864 densiores
