2528 4172
583 273 899 327 FLUXUS
937 274 1037 325 AC
1078 271 1498 324 REFLUXUS
1538 268 1800 322 MARIS.
2159 272 2255 319 251

123 436 361 488 quaenam
387 435 505 468 cum
531 415 640 466 aliis
675 414 1033 483 phaenomenis
1070 412 1348 464 consistere
1384 411 1587 480 possint
1622 427 1720 461 nec
1752 427 1835 460 ne.
1913 407 2263 468 Quantumvis

126 507 264 558 enim
302 505 576 573 explicatio
614 503 872 573 quaepiam
910 520 1029 553 cum
1064 500 1421 570 phaenomenis
1460 499 1736 567 conspiret,
1773 496 1873 548 nisi
1906 496 2108 557 virium,
2149 513 2266 564 quae

126 604 474 656 assumuntur,
516 592 789 643 existentia
824 589 1031 642 aliunde
1070 590 1454 659 comprobetur,
1493 587 1637 639 labili
1674 607 1735 638 ea
1771 584 1984 638 omnino
2028 583 2266 635 innititur

126 682 483 734 fundamento.
561 679 719 743 Quod
749 681 791 731 si
828 690 1000 731 autem
1027 677 1223 741 contra,
1263 678 1475 730 effectus
1501 676 1754 746 ejusmodi
1791 675 1985 726 viribus
2011 673 2269 724 tribuatur

129 789 255 840 quas
292 772 346 821 in
383 771 580 822 mundo
618 767 795 821 revera
832 770 1052 820 existere
1088 770 1187 820 alia
1221 768 1567 837 phaenomena
1604 764 1740 817 clare
1765 765 2070 825 docuerunt,
2112 772 2270 831 atque

129 879 358 910 summus
385 858 740 928 explicationis
767 876 885 908 cum
911 857 1228 927 experientia
1267 875 1545 908 consensus
1575 854 2009 923 deprehendatur,
2051 852 2268 903 dubium

130 951 226 1002 erit
251 952 451 1002 nullum
479 952 603 1019 quin
628 951 725 1000 ista
750 950 1025 1017 explicatio
1053 949 1117 999 sit
1141 948 1367 1019 genuina
1393 958 1444 998 et
1471 945 1579 997 sola
1604 963 1741 996 vera.

204 1046 241 1107 §.
272 1048 319 1092 8.
361 1039 613 1101 Quamvis
641 1049 812 1088 autem
839 1038 991 1089 certis
1016 1038 1212 1088 viribus
1240 1036 1407 1088 Lunae
1432 1054 1493 1086 ac
1523 1035 1631 1087 Soli
1657 1033 1945 1085 tribuendis
1970 1032 2270 1101 phaenome-
2306 1016 2311 1021 ⁷

131 1148 238 1180 non
263 1127 417 1179 aestus
443 1129 598 1178 maris
626 1126 894 1178 commode
921 1126 1168 1195 explicari
1193 1135 1383 1194 posset,
1413 1134 1585 1175 tamen
1613 1124 1684 1175 ob
1710 1122 1846 1174 hanc
1873 1123 2034 1173 solam
2060 1141 2271 1174 causam

100 1264 107 1267 ,,
131 1219 420 1271 istiusmodi
457 1220 588 1270 vires
628 1228 848 1270 statuere
886 1219 1037 1269 nimis
1064 1217 1235 1268 audax
1260 1217 1493 1268 videtur:
1533 1216 1869 1285 quamobrem
1895 1214 2147 1283 imprimis
2173 1214 2275 1265 erit

132 1309 525 1378 dispiciendum,
553 1327 679 1359 num
704 1309 816 1359 aliae
843 1309 1066 1359 rationes
1093 1306 1343 1376 ejusmodi
1368 1307 1501 1357 vires
1527 1324 1634 1356 non
1663 1304 1830 1356 solum
1857 1304 2149 1365 admittant,
2179 1302 2275 1354 sed

135 1401 290 1452 etiam
327 1412 444 1452 actu
483 1401 701 1452 existere
736 1398 1006 1452 manifesto
1043 1399 1288 1451 indicent.
1368 1399 1746 1451 Perlustremus
1773 1399 1931 1469 igitur
1956 1398 2105 1460 vires,
2148 1414 2279 1466 quas

125 1489 235 1557 jam
272 1487 478 1540 aliunde
515 1489 569 1539 in
606 1488 802 1539 mundo
841 1489 1011 1559 vigere
1036 1489 1288 1550 novimus,
1322 1488 1740 1556 sciscitemurque
1766 1486 1945 1554 paucis
1974 1504 2039 1537 an
2068 1485 2136 1536 ad
2162 1503 2276 1534 mo-

133 1586 245 1627 tum
282 1576 605 1644 reciprocum
642 1595 837 1629 oceano
873 1578 1226 1629 inducendum
1251 1577 1354 1629 sint
1390 1576 1624 1627 idoneae:
1663 1576 1791 1627 tales
1817 1575 1956 1626 enim
1981 1575 2116 1626 vires
2143 1573 2186 1624 si
2222 1572 2280 1624 in.

133 1664 330 1716 mundo
349 1666 459 1733 jam
485 1675 677 1729 extent,
705 1667 873 1717 omnis
898 1666 1046 1718 labor
1070 1667 1125 1717 in
1151 1667 1263 1718 aliis
1288 1665 1608 1735 inquirendis
1645 1665 1909 1732 impensus
1942 1663 2117 1713 irritus
2143 1660 2280 1712 foret

136 1771 197 1804 ac
241 1752 504 1805 ridiculus.
604 1755 686 1806 Ac
734 1755 905 1823 primo
956 1755 1163 1826 quidem
1214 1756 1256 1806 si
1309 1755 1483 1807 Solem
1534 1763 1843 1824 spectamus,
1881 1763 2052 1803 motus
2091 1751 2282 1803 Terrae

138 1862 338 1895 annuus
374 1844 584 1896 omnino
621 1846 849 1899 declarat
875 1848 1094 1899 Terram
1132 1846 1386 1916 perpetuo
1416 1844 1594 1898 versus
1622 1845 1796 1898 Solem
1822 1844 2015 1915 urgeri,
2056 1852 2108 1895 et
2133 1841 2284 1913 quasi

139 1932 340 1995 attrahi,
381 1933 538 2003 idque
574 1934 755 1987 fortius
793 1938 849 1988 in
881 1938 1072 1988 minori
1096 1937 1355 2000 distantia,
1385 1936 1604 1988 debilius
1630 1934 1754 1986 vero
1790 1935 1845 1985 in
1869 1933 2080 2002 majori3
2125 1942 2285 2001 atque

138 2020 268 2071 adeo
305 2021 440 2073 hanc
469 2024 601 2075 Solis
640 2025 743 2075 vim
780 2026 833 2076 in
872 2027 1093 2078 Terram
1130 2028 1383 2079 rationem
1416 2037 1591 2078 tenere
1617 2025 1939 2094 reciprocam
1965 2023 2284 2092 duplicatam

140 2110 496 2163 distantiarum
518 2133 529 2164 :
572 2133 638 2165 ex
663 2134 767 2184 quo
793 2116 976 2185 sponte
1003 2118 1233 2187 sequitur
1255 2136 1363 2168 non
1390 2116 1559 2169 solum
1585 2109 1879 2167 universam
1906 2116 2146 2177 Terram,
2190 2112 2286 2165 sed

102 2258 105 2262 Α
142 2199 297 2250 etiam
336 2201 564 2272 singulas
603 2205 711 2272 ejus
746 2215 918 2273 partes
943 2205 1197 2274 perpetuo
1222 2204 1399 2257 versus
1430 2206 1604 2258 Solem
1629 2205 1820 2275 urgeri.
1897 2204 2037 2255 Tota
2073 2202 2288 2273 quidem

144 2288 314 2339 Terra
349 2291 497 2360 aeque
534 2291 733 2344 sortiter
770 2294 836 2345 ad
877 2294 1052 2347 Solem
1090 2294 1407 2358 sollicitatur,
1448 2313 1508 2346 ac
1546 2295 1589 2346 si
1625 2294 1793 2345 omnis
1831 2292 2047 2344 materia
2081 2293 2137 2343 in
2173 2292 2288 2360 ejus

141 2388 319 2428 centro
356 2390 491 2431 esset
526 2393 801 2453 congesta3
846 2384 1052 2435 interim
1090 2394 1265 2436 tamen
1301 2393 1475 2452 partes
1513 2384 1650 2435 circa
1687 2384 2015 2452 superficiem
2053 2383 2163 2434 sitae
2200 2380 2289 2433 vel

140 2467 304 2536 magis
329 2468 411 2519 vel
435 2469 604 2522 minus
640 2472 707 2522 ad
745 2472 920 2524 Solem
946 2473 1249 2537 allicientur,
1278 2472 1433 2544 quam
1459 2483 1627 2526 totum
1653 2474 1838 2526 Terrae
1865 2492 2071 2542 corpuS,
2110 2472 2291 2541 prouti

141 2556 223 2606 vel
259 2555 429 2607 minus
467 2558 549 2609 vel
584 2561 748 2631 magis
788 2562 888 2613 sint
921 2573 1134 2614 remotae
1169 2582 1200 2614 a
1236 2563 1372 2626 Sole,
1401 2561 1555 2632 quam
1593 2573 1829 2614 centrum
1861 2563 2062 2615 Terrae.
2141 2562 2290 2614 Hinc

142 2647 299 2717 igitur
341 2649 416 2712 fit,
463 2661 520 2702 ut
561 2650 675 2703 haec
718 2652 899 2704 eadem
941 2654 1016 2705 vis
1060 2654 1127 2706 ad
1175 2654 1351 2706 Solem
1393 2654 1611 2706 tendens
1661 2672 1850 2724 aquam
1898 2652 2059 2704 modo
2101 2652 2284 2723 magis,

143 2737 301 2789 modo
337 2741 507 2791 minus
546 2742 730 2805 trahat,
770 2762 838 2793 ex
876 2743 977 2813 qua
1015 2743 1210 2795 alterna
1249 2745 1450 2796 actione
1482 2754 1653 2795 motus
1689 2744 1985 2812 reciprocus
2023 2743 2078 2792 In
2113 2741 2288 2792 fluidis

144 2827 433 2879 necessario
483 2829 606 2880 oriri
655 2829 823 2881 debet.
925 2830 1187 2892 Quocirca
1234 2832 1335 2883 ista
1387 2833 1520 2885 Solis
1568 2832 1645 2883 vis
1693 2831 1748 2882 in
1791 2831 2036 2900 praesenti
2076 2831 2288 2901 negotio

146 2917 445 2986 neutiquam
487 2917 681 2988 negligi
712 2919 918 2987 poterit,
965 2918 1084 2972 cum
1128 2939 1204 2982 ea,
1251 2921 1294 2971 si
1336 2919 1468 2972 forte
1507 2920 1618 2972 sola
1667 2938 1873 2973 causam
1923 2919 2080 2971 aestus
2129 2919 2287 2970 maris

146 3023 253 3055 non
291 3006 569 3069 constituit,
609 3006 746 3059 certe
785 3008 1023 3060 effectum
1061 3008 1277 3061 aliarum
1305 3009 1492 3062 virium
1516 3008 1809 3062 necessario
1836 3008 2040 3061 afficere
2078 3026 2139 3059 ac
2174 3016 2286 3059 tur-

146 3094 271 3146 bare
309 3095 508 3149 debeat.
557 3160 560 3161 ⁷
2308 3082 2311 3088 Ι

219 3187 257 3250 §.
287 3191 334 3236 9.
376 3185 834 3247 Quemadmodum
873 3201 1044 3243 autem
1082 3191 1249 3243 Terra
1288 3210 1406 3244 curn
1442 3192 1681 3244 omnibus
1709 3192 1813 3243 suis
1838 3193 2073 3262 partibus
2109 3189 2289 3243 versus

155 3273 327 3324 Solem
365 3275 696 3342 sollicitatur3
735 3281 805 3331 ita
844 3299 1023 3332 eorum
1049 3283 1300 3334 sententia
1334 3301 1438 3333 non
1466 3281 1688 3334 multum
1713 3302 1745 3334 a
1768 3283 1982 3334 veritate
2008 3283 2290 3335 abhorrere

152 3362 371 3427 videtur,
418 3366 505 3434 qui
548 3367 603 3416 in
648 3368 799 3419 Luna
843 3370 1062 3421 similem
1104 3371 1208 3421 vim
1258 3371 1529 3422 collocant.
1632 3371 2036 3423 Observationes
2081 3371 2292 3442 quidem

151 3453 446 3524 hujusmodi
462 3457 565 3507 vim
591 3457 645 3507 in
672 3459 824 3511 Luna
849 3479 957 3511 non
983 3461 1338 3511 demonstrant
1366 3461 1515 3512 sicuti
1540 3461 1593 3511 in
1621 3461 1773 3523 Sole3
1814 3460 1934 3513 cum
1958 3440 2129 3513 motus
2151 3461 2288 3512 Ter-

151 3559 224 3593 rae
250 3545 304 3593 in
330 3545 495 3596 orbita
523 3544 611 3596 sua
638 3565 668 3596 a
694 3547 845 3599 Luna
873 3548 1084 3599 omnino
1111 3567 1217 3599 non
1243 3549 1377 3599 affici
1412 3548 1862 3616 deprehendatur:
1905 3550 1995 3602 sed
2022 3551 2064 3601 si
2102 3551 2292 3602 docue-

152 3633 315 3684 rimus
343 3634 559 3684 eandem
584 3634 687 3684 vim
712 3636 779 3686 ad
805 3636 1011 3689 Lunam
1037 3623 1425 3704 respicientem,
1454 3655 1569 3705 quae
1594 3638 1745 3688 aestui
1769 3639 1924 3689 maris
1951 3637 2293 3708 producendo
2339 3635 2344 3639 ’

154 3721 219 3772 sit
255 3738 365 3788 par,
406 3721 460 3769 in
496 3733 640 3772 motu
679 3722 861 3774 Terrae
899 3725 1095 3775 nullam
1134 3724 1426 3775 sensibilem
1453 3726 1761 3776 anomaliam
1786 3727 2075 3795 producere
2100 3726 2288 3786 valere,

157 3808 387 3883 audacia.
429 3827 544 3870 quae
582 3808 712 3863 forte
749 3811 803 3861 in
841 3812 955 3864 talis
993 3814 1068 3864 vis
1105 3812 1414 3865 admissione
1442 3814 1720 3867 consistere
1744 3816 2039 3879 videbatur,
2072 3812 2294 3868 multum
