2528 4172
245 319 315 367 24
754 310 1321 365 PHILOSOPHIAE
1356 306 1808 364 NATURALIS
1864 310 1981 376 [DE
2004 309 2205 365 Mum).
2229 311 2380 364 SYsr.

715 543 1188 598 PROPOSITIO
1226 546 1291 597 v.
1367 524 1817 601 THEOREMA
1856 548 1923 600 v.

246 756 494 806 Planetas
530 751 914 820 circuny'oviales
944 753 1208 820 gravitare
1242 755 1296 804 in
1323 755 1510 816 Jovem,
1549 757 1980 809 circumsaturm'os
2018 759 2072 808 in
2098 758 2382 822 Saturnum,

320 851 368 895 et
391 843 756 894 circumsolares
790 843 845 891 in
888 841 1062 904 Solem,
1098 850 1146 892 et
1182 844 1233 893 vi
1270 844 1545 910 gravitatis
1570 862 1670 897 sace
1695 846 1890 897 retrahi
1914 863 2099 913 semper
2123 865 2156 897 a
2180 847 2386 899 motibus

316 936 602 998 rectilineiS,
632 943 680 986 et
705 936 759 985 in
783 933 979 986 orbibus
1002 935 1287 999 curvilinez's
1310 937 1537 987 retineri.

320 1142 459 1194 Nam
492 1140 835 1194 revolutiones
869 1140 1197 1210 planetarum
1221 1139 1681 1209 circumjovialium
1707 1139 1842 1190 circa
1869 1138 1902 1191 J
1905 1156 2068 1201 ovem,
2109 1139 2385 1190 circumsa-

242 1232 533 1285 turniorum
560 1232 694 1284 circa
720 1232 1017 1295 Saturnum,
1047 1241 1098 1283 et
1119 1230 1373 1283 Mercurii
1393 1249 1452 1282 ac
1473 1231 1692 1282 Veneris
1723 1230 2140 1300 reliquorumque
2168 1231 2386 1281 circum-

243 1321 486 1373 solarium
518 1322 654 1372 circa
683 1320 874 1383 Solem,
916 1329 1034 1372 sunt
1058 1319 1403 1389 phaenomena
1428 1319 1660 1388 ejusdem
1685 1319 1891 1389 generis
1919 1337 2037 1370 cum
2062 1319 2385 1370 revolutione

242 1410 411 1462 Lunae
453 1410 588 1461 circa
633 1410 851 1461 Terram
869 1447 883 1471 ,
952 1419 1003 1461 et
1044 1419 1319 1479 propterea
1373 1412 1501 1478 (per.
1560 1408 1691 1478 Reg.
1737 1408 1842 1473 ll.)
1884 1426 1914 1458 a
1957 1407 2120 1458 causis
2159 1408 2388 1477 ejusdem

239 1498 444 1569 generis
483 1497 809 1566 dependent:
848 1497 1139 1566 praesertim
1178 1495 1296 1550 cum
1333 1495 1743 1548 demonstratum
1770 1495 1834 1546 sit
1861 1494 2001 1565 quod
2025 1495 2175 1557 vires,
2217 1514 2247 1545 a
2273 1496 2386 1565 qui-

240 1589 337 1640 bus
364 1588 709 1640 revolutiones
736 1588 838 1639 illae
864 1588 1176 1657 dependent,
1205 1587 1484 1657 respiciant
1509 1597 1686 1638 centra
1711 1587 1871 1649 Jovis,
1905 1587 2113 1638 Saturni
2139 1605 2198 1637 ac
2229 1586 2382 1649 Solis,

238 1686 289 1728 et
314 1676 604 1728 recedendo
642 1697 672 1728 a
708 1677 854 1739 Jove,
901 1677 1125 1729 Saturno
1152 1686 1203 1728 et
1231 1676 1367 1739 Sole,
1397 1675 1697 1728 decrescant
1722 1674 1904 1727 eadem
1930 1676 2130 1726 ratione
2157 1694 2218 1727 ac
2244 1675 2377 1746 lege,

238 1765 338 1836 qua
367 1768 444 1819 vis
473 1769 738 1839 gravitatis
765 1768 1014 1820 decrescit
1037 1769 1091 1819 in
1116 1786 1320 1820 recessu
1346 1786 1377 1818 a
1402 1767 1453 1818 T
1455 1766 1586 1818 erra.
1973 1758 1977 1761 ’

323 1857 488 1908 Cin-ol.
521 1864 566 1908 1.
626 1858 687 1926 (⁰)
718 1857 959 1909 Gravitas
984 1857 1144 1928 igitur
1169 1856 1325 1908 datur
1348 1856 1404 1906 in
1428 1856 1662 1924 planetas
1687 1855 1971 1907 universos.
1996 1843 1998 1847 ι
2050 1854 2189 1906 Nam
2216 1855 2389 1906 Vene-

237 1964 366 2008 rem,
410 1946 753 2010 Mercurium,
794 1956 1111 2016 caeterosque
1150 1965 1262 1998 esse
1300 1963 1520 2014 corpora
1546 1944 1776 2014 ejusdem
1800 1944 2007 2017 generis
2034 1963 2157 1997 cum
2184 1944 2313 1998 Jove
2339 1954 2391 1998 et

242 2035 484 2099 Saturno,
529 2055 684 2087 nemo
727 2036 943 2089 dubitat.

238 2126 364 2177 tiam
389 2136 569 2178 mutua
594 2128 673 2190 sit,
702 2128 907 2196 Jupiter
941 2127 996 2177 in
1026 2126 1270 2178 satellites
1294 2144 1414 2178 suos
1440 2143 1635 2188 omneS,
1671 2127 1922 2178 Saturnus
1952 2126 2005 2176 in
2034 2144 2171 2189 SUOS,
2196 2125 2389 2178 Terra-

241 2234 341 2285 que
366 2216 422 2266 in
448 2216 670 2279 Lunam,
701 2227 752 2268 et
781 2216 871 2268 Sol
896 2217 951 2267 in
975 2215 1210 2285 planetas
1237 2233 1414 2266 onmes
1441 2214 1715 2284 primarios
1740 2214 2029 2285 gravitabit.

317 2307 479 2359 Corol.
509 2315 558 2360 2.
635 2310 699 2377 (P)
741 2308 1085 2370 Gravitatem,
1127 2326 1247 2377 quae
1277 2306 1539 2376 planetam
1564 2323 1987 2375 unumquemque
2013 2305 2237 2373 respicit,
2279 2322 2390 2356 esse

241 2395 503 2463 reciproce
533 2407 589 2448 ut
618 2398 926 2466 quadratum
955 2396 1210 2447 distantiae
1239 2396 1475 2447 locorum
1507 2395 1572 2445 ab
1598 2394 1757 2462 ipsius
1786 2404 1980 2445 centro.

1021 2037 1092 2088 Et
1130 2034 1250 2087 cum
1288 2036 1525 2087 attractio
1563 2035 1730 2087 omnis
1763 2054 1858 2104 per
1881 2035 2056 2087 motus
2090 2036 2260 2107 legem
2284 2049 2390 2088 ter-

320 2487 484 2538 Corol.
516 2495 563 2539 3.
619 2488 820 2540 Graves
860 2497 980 2539 sunt
1017 2487 1241 2555 planetae
1277 2504 1455 2537 omnes
1489 2487 1545 2536 in
1571 2504 1625 2536 se
1650 2483 1830 2536 mutuo
1855 2503 1951 2554 per
1979 2485 2155 2537 Corol.
2188 2492 2233 2536 1.
2262 2492 2313 2536 et
2338 2490 2386 2534 2.

244 2575 308 2642 (q)
340 2575 410 2626 Et
451 2576 575 2628 hinc
618 2577 824 2646 Jupiter
868 2587 920 2629 et
968 2578 1220 2629 Saturnus
1257 2595 1422 2646 prope
1460 2575 1878 2644 conjunctionem
1905 2594 1959 2627 se
1984 2576 2205 2635 invicem
2232 2584 2389 2626 attra-

241 2665 431 2728 hendo,
486 2668 802 2719 sensibiliter
865 2666 1174 2736 perturbant
1228 2677 1399 2717 motus
1461 2675 1683 2726 mutuos,
1753 2664 1843 2716 Sol
1902 2665 2171 2733 perturbat
2218 2673 2389 2714 motus

241 2755 464 2819 lunareS,
537 2757 627 2809 Sol
677 2767 727 2809 et
778 2757 931 2809 Luna
982 2755 1290 2825 perturbant
1340 2772 1483 2806 mare
1531 2763 1783 2816 nostrum,
1838 2762 1896 2805 ut
1945 2753 2001 2804 in
2055 2751 2388 2822 sequentibus

244 2845 604 2913 explicabitur.

1345 3016 1515 3055 eveniret
1542 3015 1619 3053 sslis
1650 3028 1695 3054 ac
1728 3015 1858 3054 Lunae
1886 3019 1926 3051 et
1957 3009 2285 3053 circumsaturniis
2320 3015 2388 3047 aut

1346 3069 1707 3120 circumjovialibuS,
1723 3067 1828 3105 unde
1846 3065 2016 3116 sequitur
2034 3064 2259 3115 gravitatem
2270 3062 2387 3100 etiam

1347 3123 1430 3161 dari
1451 3122 1493 3158 in
1518 3121 1605 3159 illos
1629 3121 1813 3169 planetas.
1874 3119 2017 3157 Postea
2036 3123 2190 3165 propter
2207 3123 2388 3153 mutuam

299 3017 355 3071 (⁰)
386 3023 450 3058 66.
478 3021 500 3044 ¹*
542 3019 719 3058 Gravitas
754 3021 869 3070 igitur
899 3022 1017 3058 datur
1046 3020 1089 3057 in
1115 3020 1291 3065 planetas

244 3074 437 3111 universos
451 3092 463 3118 ‚·
498 3076 519 3096 ¹⁵
557 3071 687 3109 Datur
718 3072 884 3123 gravitas
915 3072 956 3108 in
989 3072 1151 3109 Terram
1181 3077 1220 3107 et
1246 3068 1293 3107 ea

246 3125 432 3175 gravitate
462 3125 580 3163 Luna
606 3124 707 3163 circa
730 3138 817 3163 eam
848 3124 1054 3162 revolvitur
1078 3136 1146 3173 per
1176 3123 1289 3171 Prop.

247 3177 350 3224 1V.;
391 3179 506 3216 datur
543 3178 708 3229 gravitas
744 3179 786 3215 in
823 3178 964 3218 Jovem
996 3185 1034 3215 et
1066 3179 1291 3221 Saturnum,

248 3242 340 3267 nam
372 3231 632 3269 revolutiones
667 3232 911 3281 planetarum
948 3227 1294 3279 circumjovialium

247 3283 348 3320 circa
371 3283 525 3329 Jovem,
554 3291 592 3322 et
610 3284 1019 3325 circumsaturniorum
1037 3283 1137 3320 circa
1158 3282 1291 3319 Satur·

248 3348 345 3373 num
382 3346 474 3375 sunt
519 3337 693 3387 ejusdem
737 3337 888 3388 generis
923 3349 1014 3375 cum
1054 3333 1293 3372 revolutione

250 3389 379 3427 Lunae
398 3390 499 3428 cirea
515 3390 688 3435 Terram,
711 3390 881 3440 pendent
892 3402 985 3441 ergo
1011 3391 1095 3441 (per
1115 3388 1213 3437 Reg.
1232 3385 1292 3435 2.)

249 3454 298 3479 ex
329 3443 516 3491 gravitate
541 3456 676 3480 eorum
708 3444 918 3482 satellitum
939 3445 980 3480 in
1007 3454 1073 3480 eos
1097 3440 1292 3489 planetas3

249 3495 428 3545 quamvis
455 3502 585 3533 autern
613 3508 692 3533 non
719 3497 795 3535 sint
813 3505 882 3536 aut
911 3508 987 3534 non
1008 3493 1192 3533 observati
1219 3491 1296 3529 sint

249 3546 434 3586 satellites
450 3548 552 3586 circa
573 3549 756 3596 Martem,
775 3551 966 3588 Venerem
981 3556 1020 3587 et
1036 3545 1292 3591 Mercurium,

249 3608 422 3639 attamen
458 3601 561 3647 Jovi,
604 3602 782 3648 Saturno,
820 3604 952 3641 Terrae
982 3602 1024 3639 in
1060 3599 1206 3638 caeteris
1241 3598 1294 3636 ita

249 3661 342 3692 sunt
369 3654 515 3692 similes
541 3662 587 3692 ut
610 3655 811 3693 dubitandi
830 3657 939 3695 locus
956 3667 1036 3693 non
1055 3653 1295 3703 relinquatur

249 3707 355 3759 quod
374 3708 406 3747 si
425 3706 608 3747 satellites
621 3708 734 3759 juxta
752 3708 855 3759 ipsos
872 3710 1161 3752 collocarentur,
1189 3706 1294 3744 idem

1347 3175 1625 3217 attractionem,
1662 3174 1822 3211 Terram
1851 3183 1931 3209 esse
1958 3181 2115 3221 gravem
2145 3168 2188 3205 in
2214 3169 2385 3215 Lunam,

1347 3229 1418 3266 &c.
1446 3226 1646 3265 constabit.

1402 3280 1459 3332 (Ρ)
1487 3284 1508 3305 ¹*
1541 3281 1659 3322 Corol.
1688 3282 1724 3316 2.
1784 3277 1903 3316 Patet
1930 3278 1999 3328 (ex
2021 3274 2121 3325 Reg.
2148 3277 2182 3312 1.
2204 3281 2244 3313 et
2265 3272 2382 3324 Prop.

1393 3332 1459 3437 )(‘¹)
1482 3388 1503 3409 ⁸
1525 3386 1581 3425 Et
1599 3386 1688 3423 Izi-nc
1704 3385 1866 3433 Jupiter.
1927 3381 2030 3419 Haec
2050 3387 2190 3418 mutua
2215 3379 2387 3428 planeta-

1347 3451 1436 3477 rum
1463 3436 1709 3487 perturbatio,
1737 3443 1783 3473 ut
1800 3434 1892 3485 pote
1911 3446 2002 3472 cum
2022 3434 2268 3484 sequentibus
2289 3432 2386 3470 Pro-

1349 3490 1602 3541 positionibus
1634 3488 1853 3539 conjuncta,
1887 3488 2069 3535 deinceps
2097 3485 2386 3525 convenientius

1349 3543 1613 3594 explicabitur,
1631 3546 1651 3566 *
1669 3541 1861 3579 sufficiant
1874 3540 1914 3577 in
1927 3540 2214 3589 praesentiarum
2233 3550 2319 3588 quae
2337 3535 2386 3574 de

1348 3597 1393 3635 ea
1421 3595 1597 3646 superius
1620 3595 1770 3633 dictum
1792 3602 1860 3638 est,
1888 3593 2086 3631 occasione
2104 3591 2244 3645 quietis
2267 3590 2385 3640 aphe-

1347 3651 1500 3695 liorum,
1519 3648 1605 3687 vide
1624 3655 1756 3687 notam
1775 3647 1793 3666 ²
1812 3647 1862 3686 ad
1883 3647 2003 3696 Prop.
2028 3646 2090 3686 11.
