2528 4172
275 293 341 338 66
712 360 722 365 -
775 278 1369 333 PHILOSOPHIAE‘
1389 280 1843 333 NATURALIS
1900 282 2019 346 [DE
2041 282 2247 335 Mum).
2273 284 2425 335 SYsT.

276 428 565 498 centrifuga
590 429 689 496 3—33-
715 424 869 475 faciat
897 434 955 475 ut
983 422 1200 475 altitudo
1227 442 1377 493 aquae
1407 426 1461 476 in
1489 444 1639 477 crure
1678 427 1729 477 A
1758 425 1804 477 C
1842 444 1870 478 c
1897 445 1928 476 a
1966 437 2174 494 superet
2203 426 2428 478 altitudi-

204 541 207 544 ·
276 537 398 570 nem
425 534 573 587 aquae
599 516 653 567 in
680 533 833 565 crure
860 513 916 574 Q
946 514 990 565 C
1019 533 1046 564 c
1071 533 1105 583 q
1129 523 1278 582 parte
1306 515 1583 566 centesima
1612 517 1770 567 totius
1797 517 2111 568 altitudinis:
2139 518 2215 567 vis
2243 518 2430 571 centri-

274 609 397 680 fuga
429 609 523 672 2-{5
549 605 699 656 faciet
727 614 784 655 ut
810 623 1053 655 excessus
1082 605 1368 657 altitudinis
1405 607 1460 657 in
1487 626 1637 658 crure
1677 608 1723 659 A
1757 609 1802 660 C
1843 627 1871 659 c
1897 629 1927 659 a
1964 609 2027 661 sit
2054 609 2338 660 altitudinis
2376 610 2431 659 in
2463 661 2465 663 ,

277 719 428 751 crure
468 698 629 749 altero
669 695 724 756 Q
755 695 799 746 C
838 714 865 746 c
892 715 926 764 q
968 714 1088 764 pars
1130 707 1331 747 tantum
1368 701 1482 763 §³25-
1565 672 1840 769 Est⁶igitur
1865 699 2116 750 diameter
2144 700 2328 751 Terrae
2354 719 2431 751 se-

278 788 506 843 cundum
532 796 850 857 aequatorem
869 786 936 837 ad
954 787 1115 856 ipsius
1136 787 1447 839 diametrum
1466 808 1562 858 per
1580 791 1729 859 polos
1750 802 1807 842 ut
1826 797 1931 844 230
1953 792 2021 842 ad
2038 798 2159 844 229.
2201 792 2434 862 Ideoque

278 880 397 933 cum
426 879 610 931 Terrae
637 872 1044 930 semi-diameter
1069 878 1362 942 mediocris,
1396 879 1551 949 juxta
1575 899 1873 933 mensuram
1901 882 2110 946 Picarti‚
2140 883 2204 934 sit
2237 884 2431 951 pedum

283 970 651 1025 Parisiensium
695 975 997 1032 19615800,
1040 987 1131 1022 seu
1156 970 1455 1021 milliarium
1482 977 1713 1034 3923‚16
1743 971 1933 1040 (posito
1960 972 2102 1042 quod
2127 973 2344 1024 milliare
2371 975 2434 1025 sit

280 1082 525 1115 mensura
561 1061 760 1131 pedum
798 1061 962 1127 5000)
1005 1061 1174 1112 Terra
1211 1061 1363 1112 altior
1402 1061 1499 1112 erit
1536 1061 1603 1113 ad
1640 1071 1957 1132 aequatorem
1993 1062 2149 1132 quam
2182 1064 2250 1114 ad
2285 1065 2435 1133 polos

280 1174 501 1206 excessu
537 1154 736 1223 pedum
775 1158 969 1215 85472,
1013 1172 1103 1204 seu
1139 1152 1437 1203 milliarium
1470 1155 1619 1218 17—115.
1696 1142 1766 1204 Et
1791 1153 2009 1204 altitudo
2036 1155 2145 1223 ejus
2171 1154 2237 1205 ad
2263 1173 2436 1226 aequa-

278 1257 447 1296 torem
474 1244 571 1296 erit
601 1251 886 1297 19658600
911 1244 1108 1312 pedum
1135 1245 1355 1307 circiter,
1385 1254 1436 1295 et
1461 1244 1528 1295 ad
1552 1243 1702 1313 polos
1733 1250 2014 1300 19573000
2040 1246 2249 1314 pedum.

353 1336 415 1404 (ὃ)
460 1335 517 1387 Si
552 1334 767 1403 planeta
801 1334 969 1403 major
995 1335 1061 1385 sit
1096 1334 1178 1385 vel
1211 1334 1382 1384 minor
1407 1332 1563 1404 quam
1590 1334 1759 1385 Terra
1783 1344 2025 1387 manente
2053 1336 2162 1404 ejus
2188 1335 2439 1389 densitate

280 1445 340 1478 ac
367 1436 603 1494 tempore
640 1424 908 1494 periodico
947 1424 1284 1476 revolutionis
1324 1424 1543 1488 diurnae,
1585 1424 1817 1475 manebit
1853 1424 2125 1494 proportio
2149 1425 2223 1477 vis
2251 1428 2440 1478 centri-

583 1571 808 1607 3r—2b
1147 1571 1173 1607 b

932 1571 951 1593 2

280 1600 567 1640 ideoeruntut
692 1648 712 1671 r
830 1571 1335 1672 Xigffb'b—-zrad

280 1692 459 1803 ’Ἤρ-89
484 1688 679 1806 Βχ-ξ-ζ
704 1689 1335 1807 μὸΒῖἳξμηᾱεοὺωᾱῑῑ.

281 1804 444 1841 ferentia
462 1807 723 1854 quantitatum
742 1819 762 1843 r
783 1814 822 1844 et
839 1809 877 1853 b,
906 1825 923 1858 ρ
943 1815 981 1845 et
1003 1807 1040 1844 B
1060 1817 1138 1842 non
1159 1804 1208 1841 sit
1226 1817 1336 1855 mag-

282 1870 345 1901 na,
377 1866 641 1897 numeratores
667 1864 693 1897 5
712 1873 732 1896 r
749 1883 804 1889 —
824 1865 848 1897 2
868 1863 892 1898 b
911 1868 979 1899 aut
999 1866 1022 1898 3
1037 1877 1055 1907 ρ
1069 1881 1122 1888 -
1139 1863 1163 1895 2
1184 1859 1218 1895 Β
1235 1873 1247 1905 ;
1268 1871 1338 1907 pro

281 1925 301 1948 r
320 1924 364 1947 ac
383 1929 401 1964 ς
421 1912 523 1948 sumi
542 1921 716 1961 possunt,
740 1920 779 1950 et
797 1914 1109 1951 denominatur-es
1129 1917 1153 1949 3
1165 1913 1189 1948 b
1201 1934 1255 1940 —
1270 1919 1290 1948 2
1303 1925 1333 1956 r,

284 1971 308 2002 3
332 1965 367 2003 B
386 1985 441 1996 —-
461 1969 485 2002 2
505 1982 522 2018 ς
541 1979 612 2015 pro
630 1968 655 2004 b
674 1975 713 2012 et
736 1967 784 2011 B,
811 1967 977 2018 ideoque
1004 1966 1170 2004 rationes
1189 1965 1335 2013 ponde-

281 2062 371 2088 rum
402 2049 504 2088 fiunt
533 2021 855 2123 υε-Ξ-χὶζὲχ
890 2023 1161 2138 ν-ἰ-,ἃά-ςὲ
1195 2019 1337 2135 χξῖα

286 2173 329 2215 Χ
355 2170 408 2220 V
434 2136 581 2241 {sive
599 2180 644 2209 ut
663 2139 720 2240 {L}
746 2171 796 2210 ad
827 2140 916 2227 ἓξ.
978 2171 1067 2218 Vel,
1095 2166 1335 2212 invertendo,

283 2255 450 2294 rationes
478 2256 697 2305 ponderum
725 2257 766 2293 in
795 2270 906 2295 crure
938 2258 970 2295 C
996 2258 1030 2294 A
1059 2258 1106 2294 ad
1127 2256 1280 2306 pondus
1299 2255 1339 2292 in

284 2322 395 2346 crure
418 2311 450 2348 C
476 2311 517 2355 Q,
535 2319 625 2349 sunt
643 2311 684 2349 in
705 2311 921 2360 sphaeroide
940 2311 1076 2348 fictitio
1094 2320 1133 2348 et
1154 2311 1195 2348 in
1218 2310 1253 2348 T
1256 2307 1341 2346 erra

397 2365 415 2385 2

284 2404 329 2431 ut
348 2375 417 2466 Ξῖ
436 2396 482 2433 ad
501 2366 602 2467 -133-33
633 2395 737 2448 quod
757 2396 788 2434 si
817 2397 1035 2435 differentia
1053 2395 1230 2434 diametri
1255 2407 1274 2431 r
1302 2402 1341 2432 et

285 2480 368 2519 axis
385 2482 511 2519 fictitii
537 2485 563 2521 b
591 2481 743 2519 dicatur
761 2481 783 2518 f
789 2496 801 2529 3
833 2482 1050 2520 differentia
1068 2480 1245 2519 diametri
1265 2497 1283 2533 ς
1302 2487 1340 2517 et

285 2535 368 2573 axis
400 2536 530 2573 Terrae
563 2537 598 2574 B
628 2535 779 2573 dicatur
796 2548 824 2586 g
842 2536 916 2573 hoc
935 2535 1054 2573 modo
1073 2535 1339 2584 exprimentur

285 2589 455 2626 rationes
491 2589 712 2638 ponderum
756 2601 916 2626 crurum
967 2590 999 2627 C
1040 2589 1078 2626 A
1125 2596 1164 2626 et
1214 2587 1246 2625 C
1289 2587 1341 2632 Q,

286 2642 312 2677 b
328 2644 347 2665 2
365 2643 417 2693 -{-
437 2642 537 2743 2bbbf
554 2643 607 2695 4
629 2642 738 2711 ffet
754 2642 790 2679 B
807 2644 828 2665 2
844 2643 897 2695 -ὶ-
916 2642 1198 2742 2BI}2gss-g-g
1228 2680 1343 2711 erunt

286 2770 380 2808 ergo
398 2758 566 2797 rationes
584 2758 762 2797 excessus
779 2757 960 2808 ponderis
979 2758 1020 2795 in
1045 2771 1156 2796 crure
1179 2758 1218 2796 A
1242 2759 1274 2797 C
1293 2758 1343 2797 ad

945 2812 999 2863 -ξ-
1019 2816 1043 2848 2
1057 2813 1082 2848 b
1101 2812 1122 2848 f
1138 2812 1192 2863 4-
1214 2812 1236 2848 f
1248 2812 1271 2849 f
1291 2844 1342 2882 ad

1070 2880 1095 2915 b
1115 2879 1139 2915 b

656 2963 737 3001 sive
755 2962 892 3002 deletis
909 2962 931 3000 f
944 2961 966 3000 f
979 2969 1017 3000 et
1034 2975 1062 3014 g
1075 2975 1103 3013 g
1121 2975 1210 3013 quae
1229 2975 1343 3000 evan-

286 2844 441 2893 pondus
460 2852 587 2883 totum
605 2845 728 2883 cruris
758 2844 791 2883 C
816 2845 859 2890 Q
882 2851 928 2883 ut

290 2931 343 2981 ÷
363 2935 386 2967 2
407 2931 440 2968 B
454 2944 480 2980 g
493 2931 547 2981 -i—
562 2944 589 2980 g
603 2943 630 2978 g

428 2996 464 3033 B
482 2998 501 3018 2

289 3057 427 3086 escunt
455 3056 630 3097 respectu
659 3053 683 3086 2
701 3061 722 3086 r
739 3049 762 3087 f
775 3057 814 3088 et
834 3055 858 3088 2
877 3068 895 3103 ρ
913 3062 965 3100 g?
994 3047 1086 3087 cum
1116 3047 1344 3085 differentiae

290 3102 391 3138 inter
426 3101 634 3140 diametros
664 3109 702 3140 et
737 3115 829 3141 axes
864 3102 1039 3140 minimae
1075 3110 1345 3148 supponantur

290 3163 466 3203 respectu
494 3168 628 3193 earum
655 3155 961 3200 diametrorum;
990 3162 1105 3192 erunt
1129 3153 1208 3191 illae
1225 3155 1339 3192 ratio-

442 3209 546 3312 2bb2f
569 3241 619 3279 ad
636 3212 660 3245 9
678 3209 765 3298 ΒΖΕ,
788 3241 866 3280 sive.
885 3248 930 3279 ut
948 3208 1068 3312 {fad
1088 3211 1168 3311 {fig'
1197 3239 1265 3277 sed
1283 3252 1344 3277 ra-

291 3326 415 3363 tiones
433 3326 610 3365 excessus
630 3328 847 3376 ponderum
866 3327 916 3365 ad
934 3324 1089 3376 pondus
1106 3325 1228 3364 cruris
1251 3326 1282 3363 C
1305 3326 1347 3370 Q

291 3380 373 3415 sive
391 3379 440 3416 ad
459 3381 612 3428 pondus
631 3381 753 3418 cruris
777 3382 814 3419 A
838 3381 871 3420 C
899 3380 1023 3432 (quod
1044 3380 1203 3428 perinde
1221 3386 1278 3416 est
1295 3381 1345 3416 ob

292 3432 607 3482 magnitudinem
636 3447 797 3472 crurum
825 3442 864 3472 et
890 3433 1116 3483 parvitatem
1149 3431 1343 3481 excessus)

294 3485 461 3534 aequales
480 3499 562 3524 esse
581 3487 723 3525 debent
744 3491 808 3539 (ut
821 3489 904 3539 jam
923 3487 1074 3526 dictum
1092 3486 1166 3535 est)
1187 3485 1345 3523 rationi-

293 3539 366 3575 bus
385 3538 525 3575 virium
544 3541 852 3590 centrifugarum
875 3541 924 3579 ad
947 3540 1172 3592 gravitatem
1192 3539 1314 3587 ipsam
1331 3553 1339 3575 ε

293 3603 425 3640 quare,
460 3592 627 3629 rationes
659 3593 737 3631 iilae
774 3595 914 3631 virium
952 3593 1259 3644 centrifugarum
1297 3591 1346 3629 ad

293 3677 522 3728 gravitatem
538 3680 679 3716 debent
697 3692 779 3717 esse
797 3686 842 3717 ut
859 3648 917 3750 {bf
941 3680 991 3718 ad
1011 3652 1091 3751 ‘gl-35,
1121 3682 1199 3717 sive
1217 3687 1262 3717 ut
1286 3690 1346 3716 ra·

294 3762 421 3801 tiones
443 3776 671 3802 excessuum
696 3765 874 3804 diametri
902 3765 1105 3816 aequatoris
1123 3778 1240 3814 supra
1257 3776 1347 3803 axes

295 3816 347 3856 ad
373 3828 475 3865 axeS,
504 3830 595 3869 quae
620 3818 781 3868 quidem
799 3825 857 3856 est
875 3820 1071 3867 proportio
1087 3831 1206 3869 quam
1228 3819 1347 3856 New-

291 3253 360 3277 nes
379 3248 423 3278 ut

1388 1575 1505 1607 tonus
1537 1568 1710 1614 assumit,
1743 1568 1856 1618 cujus
1888 1567 2191 1605 fundamentum
2219 1567 2274 1605 ita
2305 1568 2440 1617 depre-

1390 1656 1556 1693 hensum
1571 1661 1645 1692 est:
1670 1654 1761 1693 hinc
1775 1656 1831 1694 vis
1842 1654 2059 1705 centrifuga
2072 1667 2160 1705 quae
2175 1663 2232 1693 est
2251 1627 2318 1686 -4—
2346 1667 2443 1704 pon-

2306 1693 2324 1712 r

1392 1742 1493 1780 deris
1522 1741 1652 1788 totius,
1683 1749 1741 1781 est
1772 1742 1823 1781 ad
1853 1741 1933 1780 vim
1967 1740 2226 1792 centrifugam
2247 1694 2350 1792 531?ae
2388 1748 2444 1778 est

1423 1800 1438 1833 l
1640 1828 1649 1836 .
1749 1830 1757 1837 .
1890 1797 1948 1833 2f
2043 1799 2067 1830 2
2088 1808 2116 1844 g
2154 1827 2162 1834 .
2326 1796 2348 1832 f

1394 1851 1471 1902 28-—9
1490 1829 1670 1879 ponderis
1688 1835 1808 1868 totlus
1826 1837 1871 1867 ut
1889 1851 1938 1899 ἶ
1969 1828 2019 1867 ad
2041 1851 2109 1899 -Β-
2133 1840 2211 1865 stve
2231 1835 2276 1866 ut
2310 1850 2360 1899 -b-
2395 1825 2443 1864 ad

1393 1930 1457 2020 -ἕὲ,
1479 1949 1545 1987 sed
1565 1949 1661 1988 dum
1680 1950 1706 1988 b
1724 1957 1781 1988 est
1804 1954 1879 1988 100
1897 1955 1955 1987 est
1972 1948 2057 1986 f=
2074 1952 2108 1995 1,
2125 1960 2219 1998 ergo
2238 1955 2294 1986 est
2314 1929 2363 2019 ἓ
2385 1962 2442 1982 =

1421 2040 1435 2072 1
1579 2040 1595 2073 l

1396 2090 1470 2140 1‘o-o
1488 2076 1529 2119 ><
1551 2089 1628 2141 Ξὲἶὶ
1675 2137 1685 2146 .
1804 2105 1883 2142 505
2054 2101 2069 2140 2

1466 2225 1575 2232 „—
1656 2149 1734 2177 swe
1767 2175 1924 2210 115600
1944 2152 2001 2173 =
2020 2158 2112 2209 ‘39‘

1470 2242 1547 2276 505

1450 2306 1509 2359 (a)
1533 2312 1595 2346 86.
1629 2309 1671 2346 Si
1693 2310 1849 2357 planeta
1879 2307 2006 2355 major
2033 2307 2080 2343 sit
2107 2306 2164 2343 vel
2182 2306 2306 2343 minor
2324 2302 2444 2354 qusim

1401 2364 1521 2400 Terra
1543 2369 1720 2400 manente
1738 2362 1818 2411 ejus
1838 2363 2019 2399 densitate
2037 2372 2082 2397 ac
2101 2366 2265 2406 tempore
2282 2359 2443 2407 periodi-

1393 2429 1434 2453 co
1454 2417 1691 2453 revolutionis
1706 2418 1870 2460 diurnae,
1887 2420 2015 2452 manet
2028 2413 2217 2461 proportio
2234 2412 2284 2449 vis
2303 2412 2445 2448 centri-

1377 2469 1498 2520 fugae
1529 2471 1579 2506 ad
1608 2470 1846 2517 gravitatem.
1923 2469 1945 2489 ²*
1978 2466 2144 2503 Manere
2172 2464 2360 2501 rationem
2388 2463 2446 2500 vis

1395 2521 1623 2572 centrifugae
1642 2521 1691 2558 ad
1709 2521 1936 2571 gravitatem
1960 2519 2083 2569 liquet
2101 2530 2148 2555 ex
2169 2517 2260 2554 nota
2280 2520 2342 2554 85.
2366 2516 2446 2554 sive

1396 2588 1443 2612 ex
1469 2575 1557 2613 Cor.
1583 2581 1618 2612 2.
1653 2575 1769 2622 Prop.
1803 2574 1878 2612 1V.
1907 2574 1996 2611 Lib.
2031 2572 2066 2609 Ι.
2084 2586 2096 2618 ;
2139 2583 2231 2608 nam
2264 2577 2446 2607 manente

1393 2636 1568 2676 tempore
1600 2628 1793 2676 periodico
1825 2626 1960 2665 crescit
1988 2625 2044 2662 vis
2071 2623 2289 2674 centrifuga
2314 2623 2353 2660 in
2384 2636 2445 2660 ra-

1396 2682 1503 2720 tione
1521 2682 1803 2727 distantiarum,
1825 2680 1893 2718 sed
1911 2678 2044 2717 crescit
2063 2678 2181 2717 etiam
2200 2677 2365 2728 gravitas
2383 2689 2445 2715 ao-

1395 2735 1594 2773 ceieratrix
1614 2735 1656 2772 in
1675 2734 1822 2772 ratione
1841 2733 2110 2771 distantiarum
2131 2731 2242 2783 (Cor.
2261 2735 2298 2767 5.
2329 2730 2446 2778 Prop.

1399 2789 1520 2827 XCI.
1547 2789 1635 2827 Lib.
1663 2788 1721 2838 1.)
1751 2800 1843 2838 ergo
1871 2787 1912 2823 in
1939 2785 2075 2824 eadem
2097 2784 2244 2821 ratione
2269 2790 2447 2821 crescunt

1397 2841 1453 2879 vis
1472 2841 1688 2892 centrifuga
1715 2849 1754 2879 et
1780 2840 1958 2892 gravitas,
1979 2836 2144 2889 ideoque
2171 2837 2212 2874 in
2231 2834 2368 2874 eadem
2385 2848 2446 2873 ra-

1395 2895 1501 2933 tione
1519 2904 1679 2933 manent
1697 2908 1742 2933 ac
1760 2895 1879 2943 prius.

1453 2952 1659 2999 Propterea
1691 2950 1858 2987 manebit
1894 2947 2086 2996 proportio
2130 2945 2305 2982 diametri
2344 2945 2446 2981 inte-r

1389 3005 1495 3052 polos
1544 3005 1594 3040 ad
1645 3004 1877 3040 diametrum
1926 2997 2136 3038 secundum
2178 3003 2407 3046 aequatorem
2427 3013 2441 3035 .-

1395 3057 1551 3106 quippe,
1573 3067 1642 3103 per
1659 3062 1791 3091 notam
1811 3052 2092 3102 praecedentem
2112 3062 2144 3094 z,
2165 3049 2262 3086 ratio
2280 3049 2336 3085 vis
2354 3062 2444 3086 cen-

1396 3109 1553 3160 trifugae
1580 3108 1630 3145 ad
1657 3107 1885 3158 gravitatem
1909 3113 1966 3143 est
1990 3111 2036 3141 ut
2053 3102 2150 3140 ratio
2168 3101 2344 3140 excessus
2363 3103 2445 3140 dia-

1396 3162 1510 3201 metri
1529 3160 1731 3211 aequatoris
1750 3171 1865 3208 super
1889 3155 2175 3208 longitudinem
2194 3168 2333 3202 axeos3
2361 3168 2444 3193 ma-

1397 3223 1513 3253 nente
1532 3227 1625 3264 ergo
1643 3213 1760 3263 priori
1777 3212 1927 3250 ratione
1953 3222 2022 3260 per
2048 3209 2293 3259 hypothesim
2310 3221 2444 3246 mane-

1395 3269 1451 3306 bit
1470 3277 1508 3306 et
1526 3268 1608 3306 ista.

1451 3325 1491 3361 Si
1517 3323 1747 3360 acceleretur
1772 3321 1833 3358 vel
1856 3320 2070 3357 retardetur
2096 3324 2221 3356 motus
2246 3317 2411 3356 diurnus
2426 3333 2440 3355 .-

1398 3383 1442 3414 ut
1471 3383 1626 3422 tempus
1652 3372 1891 3422 periodicum
1911 3371 1956 3409 fit
1977 3371 2104 3421 majus
2131 3369 2192 3406 vel
2220 3369 2362 3415 minus,
2387 3369 2446 3407 vis

1396 3427 1617 3478 centrifuga
1643 3424 1778 3464 crescit
1805 3423 1997 3473 reciproce
2016 3432 2060 3461 ut
2083 3422 2269 3474 quadrata
2295 3430 2445 3471 ternpo-

1398 3494 1485 3519 rum
1513 3479 1794 3530 periodicorum
1826 3478 2074 3516 manentibus
2104 3475 2221 3513 radiis
2259 3476 2369 3527 (Cor.
2404 3480 2437 3513 2.

1402 3535 1515 3583 Prop.
1529 3533 1602 3571 IV.
1621 3533 1704 3570 Lib.
1722 3532 1774 3580 I.)
1788 3531 1879 3570 inde
1892 3530 2138 3568 manentibus
2149 3528 2399 3580 gravitatibus
2408 3535 2447 3566 et

1398 3587 1594 3626 diametris
1604 3585 1814 3638 majoribus
1825 3585 1883 3623 vel
1897 3584 2126 3630 minoribus,
2141 3582 2261 3632 liquet
2276 3583 2342 3632 (ex
2354 3580 2448 3619 nota

1397 3672 1467 3712 illa
1494 3672 1550 3723 z.)
1580 3680 1845 3711 numeratores
1862 3671 2097 3710 fractionum
2116 3636 2167 3741 -Ξ-
2180 3676 2218 3706 et
2232 3647 2295 3738 ἐξ,
2310 3679 2450 3716 nempe

1400 3758 1579 3800 excessus
1596 3759 1885 3805 diametrorum,
1912 3768 2080 3796 crescere
2098 3752 2314 3794 secundnm
2333 3751 2453 3790 ratio-

1403 3826 1493 3854 nem
1514 3812 1655 3852 virium
1674 3813 1992 3865 centrisugarum,
2021 3810 2096 3849 hoc
2113 3815 2183 3856 est,
2203 3814 2249 3847 ut
2267 3805 2452 3859 quadrata
