2528 4172
279 268 344 313 98
784 265 1348 320 PHILOSOPHIAE
1389 267 1840 322 NATURALIS
1896 268 2014 332 [DE
2037 269 2241 321 Mum).
2265 270 2417 322 SYs'r.

273 422 372 454 nor
395 404 548 457 faciet
572 416 629 457 ut
653 424 787 475 aqua
812 407 1055 458 ascendat
1087 409 1154 459 ad
1178 407 1491 460 mediocrem
1528 407 1851 459 altitudinem
1883 408 1937 457 in
1969 407 2142 458 medio
2168 408 2416 476 ipsorum,

276 509 328 549 et
363 499 497 549 inter
535 499 754 550 affluxus
791 500 943 551 binos
981 501 1207 552 minores
1245 519 1378 569 aqua
1415 499 1659 551 ascendet
1692 499 1759 549 ad
1784 497 2109 550 altitudinem
2132 498 2414 550 minimam.

280 589 365 640 Sic
390 590 556 657 spatio
580 590 762 660 viginti
788 601 1009 660 quatuor
1044 592 1307 655 horarum,
1348 611 1482 661 aqua
1507 610 1613 643 non
1638 591 1717 642 bis
1744 601 1801 642 ut
1826 591 1939 641 fieri
1966 590 2111 653 solet,
2141 590 2232 641 sed
2259 591 2415 642 semel

244 711 248 714 ⁴
274 689 474 730 tantum
498 681 765 749 perveniet
789 682 855 732 ad
880 682 1162 733 maximam
1187 681 1513 732 altitudinem
1539 691 1591 732 et
1616 680 1774 732 semel
1800 680 1865 731 ad
1891 680 2187 730 minimam:
2223 689 2275 730 et
2299 678 2415 729 alti-

273 769 402 820 tudo
425 769 668 833 maxima,
697 770 739 822 si
766 771 920 823 Luna
944 772 1169 823 declinat
1192 772 1247 821 in
1270 771 1448 840 polum
1475 790 1630 840 supra
1653 770 1975 821 horizontem
2001 769 2119 832 loci,
2146 768 2338 820 incidet
2360 769 2415 819 in

272 857 455 909 horam
480 859 562 911 vel
588 870 786 911 sextam
811 861 892 913 vel
917 861 1229 913 tricesimam
1254 861 1319 912 ab
1346 861 1567 929 appulsu
1592 860 1760 911 Lunae
1786 860 1853 911 ad
1878 859 2237 922 meridianum,
2260 869 2413 929 atque

273 950 443 1001 Lunae
479 950 875 1004 declinationem
898 963 1130 1004 mutante
1155 953 1441 1004 mutabitur
1465 954 1521 1003 in
1546 953 1828 1004 defluxum.
1904 952 2145 1013 Quorum
2181 952 2413 1003 omnium

271 1041 568 1110 exemplum
615 1043 671 1093 in
711 1053 867 1112 portu
903 1045 1052 1115 regni
1089 1045 1359 1114 Tunquini
1397 1045 1464 1096 ad
1504 1045 1754 1097 Batsham
1780 1046 1876 1097 sub
1911 1046 2182 1097 latitudine
2218 1044 2415 1095 boreali

271 1138 339 1182 20
364 1150 443 1202 gr.
473 1134 573 1185 50‘.
652 1133 891 1185 Halleius
929 1153 995 1185 ex
1032 1145 1307 1186 nautarum
1348 1136 1791 1188 observationibus
1828 1136 2083 1205 patefecit.
2160 1137 2243 1189 Ibi
2281 1155 2415 1205 aqua

270 1222 355 1274 die
392 1224 668 1276 transitum
705 1225 875 1277 Lunae
911 1244 1007 1294 per
1038 1237 1355 1296 aequatorem
1381 1239 1627 1298 sequente
1654 1239 1872 1300 stagnat,
1901 1229 2022 1280 dein
2048 1228 2202 1281 Luna
2229 1228 2296 1280 ad
2319 1230 2413 1280 bo-

269 1335 412 1368 ream
437 1317 727 1370 declinante
752 1318 934 1387 incipit
957 1319 1119 1370 fluere
1144 1329 1195 1370 et
1221 1321 1458 1382 refluere,
1486 1337 1593 1371 non
1617 1320 1714 1382 bis,
1742 1330 1801 1371 ut
1823 1320 1878 1370 in
1897 1320 2008 1371 aliis
2030 1320 2300 1388 portubus,
2324 1319 2415 1370 sed

271 1408 429 1459 semel
455 1408 670 1480 singulis
697 1409 907 1471 diebus3
949 1420 1000 1461 et
1024 1420 1178 1461 aestus
1204 1411 1387 1462 incidit
1410 1412 1465 1462 in
1492 1430 1733 1462 occasum
1760 1411 1945 1474 Lunae,
1987 1410 2224 1462 defluxus
2250 1410 2414 1461 maxi-

270 1518 384 1551 mus
421 1500 475 1551 in
513 1511 699 1552 ortum.
796 1502 933 1553 Cum
970 1502 1140 1553 Lunae
1175 1502 1519 1554 declinatione
1557 1514 1777 1575 augetur
1812 1504 1899 1554 hic
1938 1513 2108 1565 aestus,
2148 1522 2311 1572 usque
2348 1503 2415 1554 ad

270 1590 408 1640 diem
446 1590 717 1658 septimam
752 1592 835 1643 vel
860 1602 1109 1654 octavam,
1150 1592 1271 1643 dein
1307 1612 1403 1661 per
1442 1593 1571 1645 alios
1599 1603 1796 1662 septem
1822 1594 1930 1645 dies
1957 1594 2141 1645 iisdem
2167 1594 2414 1664 gradibus

271 1677 534 1741 decrescit,
575 1679 761 1748 quibus
799 1690 950 1731 antea
987 1690 1244 1742 creverat3
1285 1690 1336 1732 et
1371 1681 1523 1733 Luna
1551 1681 1948 1733 declinationem
1972 1691 2205 1733 mutante
2232 1691 2412 1743 cessat,

270 1785 330 1818 ac
355 1786 479 1818 mox
503 1777 732 1819 mutatur
755 1768 810 1819 in
834 1768 1119 1820 defluxum.
1195 1768 1389 1821 Incidit
1419 1769 1557 1820 enim
1584 1770 1803 1821 subinde
1830 1770 2067 1821 defluxus
2093 1770 2147 1819 in
2173 1788 2414 1821 occasum

270 1856 440 1908 Lunae
483 1867 535 1908 et
578 1856 798 1908 affluxus
840 1857 894 1907 in
936 1867 1123 1919 ortum,
1167 1856 1332 1908 donec
1373 1857 1527 1909 Luna
1571 1858 1760 1909 iterum
1796 1867 1962 1908 mutet
1996 1856 2411 1931 declinationem.

270 1946 461 1998 Aditus
505 1946 572 1997 ad
608 1946 748 1998 hunc
784 1958 995 2016 portum
1031 1948 1264 2017 fretaque
1299 1947 1466 1999 vicina
1503 1948 1698 2016 duplex
1737 1958 1895 2017 patet,
1948 1948 2079 1999 alter
2116 1949 2183 1999 ab
2221 1967 2416 2000 oceano

275 2041 479 2093 Sinensi
502 2041 637 2092 inter
665 2040 1031 2092 Continentem
1057 2050 1109 2092 et
1133 2040 1354 2092 insulam
1371 2040 1676 2103 Luconiam,
1698 2040 1828 2092 alter
1855 2060 1886 2091 a
1915 2040 2046 2091 mari
2074 2040 2258 2091 Indico
2284 2040 2417 2091 inter

274 2131 642 2183 Continentem
668 2139 720 2181 et
755 2130 976 2181 insulam
1004 2130 1230 2182 Borneo.
1313 2130 1401 2181 An
1432 2140 1586 2182 aestus
1614 2130 1779 2198 spatio
1810 2128 2059 2182 horarum
2085 2130 2360 2182 duodecim
2386 2151 2417 2182 a

271 2221 403 2272 mari
430 2220 631 2283 Indico,
660 2229 710 2271 et
736 2220 901 2288 spatio
925 2220 1173 2271 horarum
1199 2237 1292 2271 sex
1318 2239 1349 2270 a
1372 2220 1505 2270 mar-i
1535 2220 1738 2272 Sinensi
1762 2238 1857 2288 per
1875 2219 2006 2271 freta
2030 2220 2118 2271 illa
2135 2222 2412 2284 venientes,

276 2322 329 2364 et
364 2312 438 2364 sic
474 2311 529 2361 in
566 2310 750 2361 horam
774 2310 979 2361 tertiam
1004 2320 1056 2361 et
1079 2328 1271 2361 nonam
1293 2309 1528 2360 lunarem
1553 2309 1854 2372 incidentes,
1896 2320 2209 2377 componant
2233 2310 2414 2379 hujus-

276 2406 419 2457 modi
457 2414 628 2455 motus
643 2423 657 2465 3
697 2403 829 2453 sitne
863 2403 963 2453 alia
994 2401 1210 2453 marium
1239 2401 1446 2452 illorum
1474 2401 1717 2463 conditio,
1747 2400 2188 2452 observationibus
2214 2401 2413 2451 vicino-

277 2515 395 2548 rum
420 2496 654 2546 littorum
678 2492 1128 2544 determinandum
1162 2491 1413 2560 relinquo.

354 2587 628 2638 Hactenus
666 2602 844 2635 causas
880 2592 1116 2634 motuum
1154 2582 1323 2634 Lunae
1360 2590 1412 2632 et
1447 2582 1668 2634 marium
1704 2582 1922 2634 reddidi.
1997 2582 2085 2634 De
2127 2581 2409 2652 quantitate

277 2687 512 2726 motuum
530 2674 641 2744 jam
667 2671 905 2725 convenit
929 2670 1101 2741 aliqua
1125 2669 1454 2740 subjungere..
