2528 4172
248 278 349 325 328
630 268 1073 331 INQUISITIO
1115 266 1455 319 PHYSICA
1494 266 1577 318 IN
1618 265 1941 319 CAUSAM

246 424 367 476 tam,
397 431 617 483 quorum
641 413 770 464 alter
796 411 930 463 circa
959 411 1150 474 Solem,
1179 410 1309 462 alter
1334 410 1470 463 circa
1495 410 1703 463 Lunam
1728 410 1964 480 agitetur,
1995 419 2147 479 atque
2170 417 2385 480 uterque

248 507 357 574 ejus
384 505 449 556 sit
472 502 677 565 indolis,
705 511 764 554 ut
788 502 922 554 vires
949 500 1249 572 centrifugae
1274 501 1575 554 decrescant
1607 502 1661 552 in
1687 500 1944 570 duplicata
1972 501 2168 552 ratione
2194 500 2385 551 distan—

246 597 434 653 tiarum
458 615 488 646 a
514 595 702 646 centris
728 595 997 664 utriusque
1022 593 1228 645 vorticis
1250 613 1262 644 :
1303 612 1418 663 quae
1442 593 1730 664 proprietas
1757 592 2032 655 obtinetur,
2073 591 2115 642 si
2154 591 2385 643 celeritas

249 687 481 738 materiae
521 686 720 737 subtilis
757 686 989 757 gyrantis
1026 685 1081 736 in
1119 704 1323 755 quoque
1360 685 1555 736 vortice
1589 693 1761 736 teneat
1793 684 2044 734 rationem
2069 683 2387 752 reciprocam

248 776 653 845 subduplicatam
682 776 1057 828 distantiarum.
1135 776 1320 845 Neque
1345 774 1468 827 vero
1493 775 1548 826 hi
1573 775 1679 827 duo
1703 775 1922 826 vortices
1949 774 2015 825 ad
2039 774 2242 826 libitum
2269 783 2387 825 sunt

250 865 543 936 excogitati,
573 864 664 915 sed
689 864 775 915 ille
801 865 892 934 qui
922 864 1097 917 Solem
1123 864 1411 916 circumdat
1436 873 1514 916 est
1537 864 1580 915 is
1605 864 1732 933 ipse,
1761 863 1849 934 qui
1875 881 2053 914 omnes
2078 862 2309 931 planetas
2334 861 2386 911 in

249 956 353 1007 suis
391 954 570 1006 orbitis
608 954 867 1015 continet3
907 954 1038 1005 alter
1073 953 1197 1005 vero
1237 954 1444 1005 Lunam
1471 952 1812 1015 circumdans,
1846 953 1941 1004 etsi
1966 953 2072 1021 ejus
2097 951 2173 1002 vis
2199 951 2298 1001 nisi
2334 950 2388 1000 in

245 1054 375 1094 aestu
399 1043 555 1094 maris
580 1061 687 1093 non
714 1043 946 1105 sentitur,
985 1052 1159 1094 tamen
1185 1043 1295 1094 sine
1319 1041 1423 1094 ulla
1461 1042 1785 1094 haesitatione
1811 1042 2012 1094 admitti
2044 1050 2230 1110 potest,
2271 1039 2387 1092 cum

248 1133 389 1186 certo
433 1144 632 1186 constet
681 1135 917 1197 Terram,
970 1135 1156 1186 Jovem
1205 1152 1264 1185 ac
1319 1135 1602 1187 Saturnum
1645 1133 1896 1185 similibus
1947 1132 2227 1184 vorticibus
2280 1150 2390 1182 esse

250 1222 462 1285 cinctos,
500 1223 640 1274 unde
678 1223 930 1293 ejusmodi
955 1224 1174 1274 vortices
1210 1223 1340 1274 nulli
1378 1223 1590 1274 omnino
1616 1222 1821 1291 corpori
1854 1220 2119 1272 mundano
2145 1220 2391 1291 denegari

247 1331 398 1381 posse
421 1312 677 1364 videntur.
755 1312 970 1373 Parcius
997 1312 1206 1383 quidem
1236 1311 1323 1363 hic
1348 1312 1616 1364 materiam
1641 1311 1706 1363 de
1732 1311 2013 1363 vorticibus
2039 1310 2388 1371 tractavimus,

247 1401 445 1452 etiamsi
470 1402 524 1451 in
548 1400 648 1451 illis
673 1419 847 1452 veram
872 1400 1027 1453 aestfis
1054 1402 1209 1453 maris
1237 1420 1443 1453 causam
1467 1420 1752 1471 ponamus3¹
1796 1401 1897 1453 hoc
1923 1411 2096 1452 autem
2121 1400 2187 1451 de
2212 1400 2389 1451 indus-

250 1490 348 1543 tria
375 1490 601 1553 fecimus,
630 1488 751 1542 cum
774 1490 875 1541 hoc
899 1501 1263 1562 argumentum
1278 1493 1387 1561 jam
1413 1492 1562 1543 toties
1584 1493 1648 1543 sit
1666 1501 1942 1543 tractatum
1963 1510 2022 1542 ac
2040 1489 2147 1542 fere
2168 1490 2389 1542 exhaus-

250 1592 359 1633 tum
377 1601 391 1642 3
430 1600 597 1651 neque
632 1582 783 1633 nobis
818 1583 1132 1652 persuadere
1168 1602 1460 1655 possumus,
1502 1584 1545 1634 si
1583 1581 1682 1634 hac
1719 1582 1987 1634 occasione
2017 1581 2303 1633 doctrinam
2328 1581 2394 1632 de

253 1673 530 1724 vorticibus
558 1673 713 1725 etiam
738 1673 938 1738 melius,
968 1694 1123 1744 quam
1148 1675 1429 1726 etiamnum
1452 1694 1483 1726 a
1502 1693 1761 1746 quoquam
1787 1683 1864 1727 est
1888 1674 2095 1737 factum,
2125 1672 2393 1742 expedire-

257 1781 388 1825 mUS,
417 1763 485 1814 ob
512 1781 626 1814 eam
652 1782 762 1816 rem
786 1764 1060 1833 praemium
1084 1764 1234 1816 nobis
1259 1764 1510 1815 tributum
1535 1763 1614 1815 iri.

1187 2011 1463 2028 mffiflmw

931 2202 1223 2264 CAPUT
1266 2203 1724 2266 OCTAVUM.

303 2376 405 2433 De
435 2375 647 2437 AEstzis
675 2376 880 2437 Maris
898 2380 1341 2455 perturbatione
1369 2401 1405 2440 a
1438 2381 1644 2441 Terris
1671 2399 1739 2440 ac
1768 2378 2054 2440 littoribus
2082 2376 2345 2439 oriundci.

256 2585 295 2648 5.
327 2590 445 2634 112.
484 2554 887 2639 PERVENIMUS
925 2588 1136 2640 tandem
1173 2590 1238 2640 ad
1277 2590 1510 2642 ultimam
1547 2598 1740 2641 nostrae
1775 2587 2144 2666 disquisitionis
2177 2597 2396 2657 partem,

256 2686 373 2738 quae
397 2672 662 2740 praecipua
687 2684 779 2738 est,
819 2675 873 2726 in
899 2675 999 2746 qua
1026 2677 1282 2730 theoriam
1309 2680 1597 2748 expositam
1622 2678 1689 2730 ad
1716 2688 1904 2730 statum
1933 2668 2177 2740 Telluris,
2217 2678 2270 2728 in
2297 2696 2400 2747 quo

255 2758 432 2810 revera
470 2762 745 2829 reperitur,
786 2763 962 2816 debito
999 2766 1158 2818 modo
1196 2767 1717 2819 accommodabimus.
1796 2766 2073 2819 Hactenus
2096 2766 2251 2829 enim,
2290 2765 2395 2836 quo

259 2846 421 2898 ardua
456 2848 555 2901 ista
580 2850 870 2921 disquisitio
894 2853 1092 2906 facilior
1119 2856 1425 2909 redderetur
1450 2858 1514 2909 ab
1541 2857 1781 2909 omnibus
1807 2857 2205 2926 circumstantiis
2232 2866 2401 2908 exter-

256 2937 336 2988 nis
363 2938 548 3007 quibus
574 2941 785 2994 effectus
812 2963 842 2994 a
866 2945 1061 2999 viribus
1093 2948 1226 2999 Solis
1253 2967 1313 3000 ac
1346 2948 1514 3000 Lunae
1540 2948 1772 3000 oriundis
1798 2950 1880 3000 vel
1905 2949 2102 3001 turbari
2124 2948 2202 3000 vel
2231 2947 2400 2998 deter-

258 3025 457 3078 minatu
500 3028 812 3083 difficiliores
862 3034 1012 3085 reddi
1065 3046 1293 3104 possent,
1347 3036 1712 3109 cogitationem
1762 3037 2121 3089 abstraximus·
2223 3034 2400 3087 Primo

258 3117 450 3170 scilicet
481 3139 588 3171 non
627 3123 791 3173 solum
821 3134 981 3176 totam
1008 3126 1230 3178 Terram
1256 3146 1322 3179 ex
1348 3126 1480 3198 aqua
1507 3128 1781 3179 conflatam
1806 3126 2088 3197 posuimus,
2130 3126 2222 3179 sed
2247 3126 2401 3177 etiam

259 3207 500 3261 inertiam
537 3229 684 3281 aquae
721 3225 895 3267 mente
933 3217 1249 3281 sustulimus,
1288 3228 1346 3270 ut
1383 3218 1446 3271 8ὸ
1483 3219 1753 3287 pauciores
1779 3236 1860 3268 res
1897 3216 1950 3268 in
1978 3227 2278 3286 computum
2304 3216 2400 3267 du-

258 3298 437 3349 cendae
463 3314 805 3370 superessent.
882 3306 1091 3360 Deinde
1117 3308 1317 3360 inertiae
1343 3308 1554 3379 quidem
1579 3307 1852 3360 habuimus
1880 3307 2147 3370 rationem,
2175 3325 2235 3358 ac
2260 3324 2395 3375 prae-

260 3386 501 3440 cedentes
539 3390 991 3446 determinationes
1028 3396 1204 3449 debito
1236 3397 1395 3449 modo
1422 3396 1758 3459 correximuS,
1787 3394 1966 3448 verum
1992 3405 2154 3447 totam
2180 3395 2400 3447 Terram

258 3475 390 3544 aqua
426 3479 761 3552 undiquaque
799 3484 1161 3537 circumfusam
1197 3486 1546 3549 assumsimus,
1593 3504 1685 3537 seu
1721 3484 2003 3537 etiamnum
2046 3483 2326 3536 anomalias
2369 3502 2400 3533 a

260 3563 442 3615 Terris
468 3568 807 3636 negleximus.
883 3573 1041 3626 Nunc
1066 3575 1241 3645 itaque
1263 3584 1441 3627 nostra
1465 3573 1668 3625 theoria
1693 3570 1755 3624 8ὸ
1781 3581 1859 3624 est
1882 3572 2149 3641 perducta,
2187 3582 2246 3623 ut
2270 3570 2398 3621 nihil

258 3652 477 3722 amplius
522 3656 744 3725 adjicere
782 3680 990 3716 necesse
1026 3664 1175 3728 foret,
1218 3666 1260 3717 si
1298 3665 1507 3735 quidem
1543 3673 1699 3715 aestus
1736 3663 1894 3714 maris
1931 3681 1962 3713 a
2001 3662 2180 3713 Terris
2215 3661 2398 3713 littori-

256 3741 458 3812 busque
486 3745 795 3799 sensibiliter
819 3767 926 3802 non
951 3753 1241 3806 afficeretur
1256 3775 1270 3817 3
1308 3755 1409 3805 nisi
1446 3750 1577 3805 forte
1614 3752 1888 3804 anomaliae
1913 3750 2150 3822 quaedam
2177 3769 2209 3800 a
2232 3748 2396 3801 ventis

258 3830 493 3882 oriundae
531 3839 923 3888 commemorari
949 3840 1212 3905 deberent,
1254 3862 1372 3912 quae
1397 3851 1568 3893 autem
1597 3850 1742 3891 motu
1767 3858 1915 3909 aquae
1952 3850 2223 3907 perspecto
2248 3834 2395 3888 facilc
