2528 4172
115 235 298 287 Limia
321 233 619 297 Tamna]
679 227 1084 284 PRINCIPIA
1126 223 1742 280 MATHEMATICA.
2177 232 2244 276 89

429 450 900 505 PROPOSITIO
941 449 1136 502 XXII.
1215 445 1670 501 THEOREMA
1708 443 1927 498 XVIII.

107 606 282 658 Motus
318 624 479 659 omnes
514 608 731 669 lunares,
771 622 1025 673 omnesque
1060 614 1271 657 motuum
1310 602 1646 671 inaeqalitates
1682 619 1744 651 ex
1769 599 1945 652 allatis
1972 598 2250 667 principiis

1052 698 1299 766 consequi.

176 878 416 930 Planetas
440 878 678 948 majores,
705 876 903 927 interea
929 874 1056 926 dum
1099 874 1236 927 circa
1269 872 1444 926 Solem
1469 872 1719 934 seruntur,
1748 889 1901 940 posse
1928 870 2054 922 alios
2080 870 2248 921 mino-

98 988 179 1021 res
218 970 412 1021 circum
446 988 501 1020 se
531 969 851 1021 revolventes
883 967 1116 1037 planetas
1151 967 1369 1030 deferre,
1399 976 1450 1018 et
1474 966 1700 1017 minores
1726 965 1841 1016 illos
1867 964 1928 1015 in
1955 964 2238 1033 ellipsibus,

96 1061 366 1112 umbilicos
398 1061 451 1111 in
490 1060 679 1112 centris
711 1061 966 1129 majorum
991 1059 1319 1122 habentibus,
1356 1058 1551 1110 revolvi
1578 1057 1770 1109 debere
1795 1065 1940 1125 patet
1964 1075 2059 1125 per
2086 1055 2245 1124 Prop.

99 1154 276 1206 LXV.
305 1154 423 1206 Lib.
454 1154 497 1205 I.
575 1153 798 1205 Actione
823 1163 996 1205 autem
1025 1152 1159 1205 Solis
1185 1151 1630 1221 perturbabuntur
1656 1167 1839 1200 eorum
1862 1158 2033 1199 motus
2067 1147 2243 1198 multi-

96 1244 268 1308 mode,
308 1245 474 1314 iisque
516 1243 825 1295 adlicientur
861 1242 1295 1314 inaequalitatibus
1334 1260 1451 1311 quae
1491 1240 1545 1290 in
1585 1237 1736 1291 Luna
1772 1236 1949 1289 nostra
1983 1247 2246 1288 notantur.

106 1334 246 1386 Haec
283 1334 463 1403 utique
501 1338 616 1402 (per
644 1334 766 1386 Cor.
795 1340 844 1396 2,
875 1341 924 1396 3,
953 1340 1003 1397 4,
1031 1342 1083 1384 et
1109 1339 1157 1385 5.
1188 1332 1346 1401 Prop.
1376 1329 1609 1395 LXVI.)
1645 1329 1870 1381 velocius
1896 1338 2148 1391 movetur,
2188 1346 2249 1378 ac

105 1422 254 1473 radio
279 1422 346 1473 ad
373 1422 596 1474 Terram
620 1421 777 1474 ducto
802 1421 1048 1474 describit
1072 1440 1245 1473 aream
1278 1439 1377 1490 pro
1403 1431 1634 1488 tempore
1659 1420 1924 1488 majorem,
1965 1420 2249 1488 orbemque

96 1509 256 1562 habet
291 1510 463 1562 minus
500 1528 733 1576 curvum,
775 1519 928 1581 atque
964 1510 1081 1562 ideo
1116 1511 1333 1579 propius
1358 1509 1559 1561 accedit
1584 1508 1650 1560 ad
1677 1509 1916 1570 Terram,
1945 1508 2000 1558 in
2027 1508 2247 1579 syzygiis

100 1598 260 1668 quam
286 1600 340 1651 in
368 1599 710 1670 quadraturis,
738 1599 838 1652 nisi
862 1599 1118 1670 quatenus
1143 1599 1360 1668 impedit
1383 1608 1555 1649 motus
1576 1596 1982 1649 eccentricitatis.
2048 1596 2248 1648 Eccen-

95 1687 294 1739 tricitas
334 1688 475 1739 enim
510 1688 738 1740 maxima
775 1698 853 1740 est
905 1691 1020 1757 (per
1061 1688 1237 1739 Corol.
1267 1696 1316 1740 9.
1359 1687 1517 1755 Prop.
1548 1685 1781 1750 LXVI.)
1834 1685 1925 1736 ubi
1975 1703 2249 1756 apogaeum

95 1775 264 1827 Lunae
301 1776 356 1826 in
394 1776 622 1847 syzygiis
647 1786 899 1839 versatur,
940 1786 992 1828 et
1026 1776 1241 1827 minima
1264 1776 1354 1827 ubi
1391 1775 1530 1826 idem
1555 1775 1607 1825 in
1634 1773 1961 1843 quadraturis
1988 1773 2246 1835 consistit3

95 1876 147 1919 et
184 1866 307 1918 inde
346 1867 503 1919 Luna
538 1868 594 1918 in
629 1868 862 1940 perigaeo
888 1868 1117 1920 velocior
1142 1879 1219 1921 est
1245 1879 1296 1920 et
1320 1868 1469 1919 nobis
1494 1867 1725 1936 propior,
1754 1866 1809 1917 in
1834 1885 2051 1937 apogaeo
2076 1874 2248 1916 autem

93 1957 304 2020 tardior,
334 1969 384 2009 et
408 1958 655 2010 remotior
678 1959 733 2010 in
759 1960 981 2031 syzygiis
1008 1959 1164 2030 quam
1189 1962 1243 2011 in
1264 1960 1603 2030 quadraturis.
1660 1959 2002 2030 Progreditur
2027 1959 2246 2025 insuper

95 2066 387 2118 apogaeum,
418 2057 468 2098 et
493 2048 859 2119 regrediuntur
883 2050 1025 2113 nodi,
1055 2050 1144 2102 sed
1168 2060 1315 2101 motu
1340 2049 1653 2119 inaequabili.
1729 2049 1800 2100 Et
1830 2066 2105 2118 apogaeum
2133 2046 2246 2116 qui-

94 2137 215 2188 dem
259 2142 373 2206 (per
403 2137 525 2189 Cor.
555 2143 603 2193 7.
643 2147 694 2189 et
733 2147 781 2191 8.
821 2140 978 2208 Prop.
1008 2140 1240 2205 LXVI.)
1282 2139 1506 2190 velocius
1551 2137 1884 2209 progreditur
1924 2137 1979 2187 in
2023 2135 2244 2206 syzygiis

97 2225 218 2288 suis,
261 2225 458 2277 tardius
494 2226 786 2297 regreditur
821 2228 876 2278 in
913 2228 1256 2298 quadraturis,
1296 2237 1350 2279 et
1387 2246 1603 2279 excessu
1639 2225 1946 2296 progressus
1983 2243 2140 2293 supra
2164 2243 2246 2276 re-
2274 2230 2276 2232 ’

94 2335 331 2387 gressum
371 2319 637 2370 annuatim
679 2318 842 2371 fertur
882 2319 936 2369 in
976 2319 1359 2390 consequentia.
1438 2317 1581 2370 Nodi
1624 2326 1796 2369 autem
1837 2320 1952 2385 (per
1989 2315 2163 2368 Corol.
2192 2322 2242 2366 2.

103 2407 265 2477 Prop.
294 2409 526 2475 LXVI.)
566 2410 839 2479 quiescunt
874 2410 928 2461 in
968 2410 1192 2481 syzygiis
1230 2409 1335 2483 suis
1373 2418 1425 2461 et
1459 2405 1777 2459 velocissime
1802 2406 2167 2477 regrediuntur
2191 2406 2246 2456 in

97 2497 437 2568 quadraturis.
518 2499 621 2552 Sed
659 2509 711 2552 et
746 2501 912 2570 major
950 2511 1027 2574 est
1067 2502 1237 2553 Lunae
1261 2500 1481 2553 latitudo
1503 2500 1734 2552 maxima
1757 2500 1812 2550 in
1836 2500 1996 2569 ipsius
2024 2498 2246 2569 quadra-

104 2640 202 2679 Axis
220 2641 339 2692 igitur
354 2643 485 2681 Terrae
503 2643 666 2695 singulis
684 2644 988 2683 revolutionibus
1006 2644 1146 2682 annuis
1199 2645 1287 2683 fixae
1304 2657 1438 2683 omnes
1457 2644 1635 2682 videntur
1652 2643 1798 2681 moveri
1817 2643 1858 2681 in
1877 2642 2149 2693 consequentia
2166 2642 2245 2693 sig-

101 2694 277 2734 nutando
303 2695 362 2734 bis
388 2696 597 2734 inclinatur
615 2697 656 2735 in
675 2698 891 2746 eclipticam
910 2706 949 2736 et
972 2698 1030 2736 bis
1047 2698 1148 2738 redit
1198 2711 1351 2736 norum.
1427 2699 1536 2737 Hinc
1569 2698 1613 2735 fit
1644 2697 1749 2747 quod
1778 2696 2087 2734 constellationes
2111 2708 2246 2734 omnes

38 3481 42 3485 ’
113 3487 332 3524 communis
352 3488 468 3526 sectio

101 2746 150 2784 ad
179 2747 408 2795 positionem
435 2749 624 2798 priorem:
674 2751 758 2787 hoec
786 2750 918 2788 omnia
945 2750 1058 2789 facile
1085 2751 1146 2788 in-

100 2799 249 2850 telliget
267 2801 334 2850 qui
352 2802 394 2838 in
412 2809 585 2839 mentem
599 2803 830 2841 revocaverit
847 2803 964 2853 Prop.
987 2804 1149 2843 LXVI.

103 2852 192 2892 Lib.
219 2854 252 2891 1.
276 2853 491 2904 ultimaque
515 2855 688 2905 ejusdem
711 2856 934 2894 Corollaria.

159 2910 245 2944 103.
272 2907 322 2944 In
337 2907 501 2958 singulis
514 2909 733 2947 octantibus
752 2909 854 2947 inter
868 2910 1096 2960 aequinoctia
1109 2918 1148 2950 et

104 2958 262 2997 solstitia
281 2961 493 3010 sequentia,
513 2961 712 3000 inclinatio
725 2962 805 3000 axis
823 2963 954 3001 Terrae
968 2963 1017 3001 ad
1031 2964 1148 3013 eclip-

105 3010 222 3050 ticam
239 3012 337 3051 redit
355 3013 402 3051 ad
422 3014 588 3062 priorem
606 3015 927 3066 magnitudinem,
957 3016 1147 3065 plurium-

108 3077 185 3114 que
209 3078 400 3105 annorum
428 3066 593 3105 decursu
616 3069 830 3106 sensibilior
847 3081 926 3106 non
945 3069 1082 3116 evadit,
1111 3077 1151 3108 at

109 3129 302 3167 regressus
333 3127 567 3168 punctorum
599 3121 785 3170 eclipticae
813 3122 997 3160 continuo
1028 3122 1072 3160 fit
1107 3123 1150 3160 in

107 3170 381 3216 antecedentia,
415 3185 487 3212 nec
516 3173 566 3212 ad
594 3174 798 3224 pristinum
827 3175 958 3213 locum
987 3175 1151 3214 redeunt

109 3229 253 3271 puncta
279 3225 568 3275 aequinoctialia,
596 3227 671 3265 nisi
694 3235 781 3277 post
804 3227 1001 3279 integrum
1026 3228 1150 3267 circu-

109 3275 205 3312 lum.
268 3276 375 3315 Hinc
396 3279 559 3317 mutatio
586 3292 674 3330 quae
701 3280 820 3318 unius
839 3281 931 3319 anni
950 3282 1072 3330 spatio
1091 3282 1149 3319 in-

110 3327 299 3366 sensibilis
329 3338 398 3376 est,
431 3339 518 3380 post
540 3332 711 3383 plurium
737 3346 929 3373 annorum
951 3334 1152 3374 intervalla

109 3380 289 3418 notabilis
307 3382 441 3421 evadit.

169 3437 255 3471 104.
291 3433 395 3472 cam
422 3436 542 3475 steuae
559 3437 647 3478 fixae
663 3440 861 3490 quiescant
877 3448 916 3479 et
939 3440 1151 3480 retrocedat

496 3493 697 3540 aequatoris
715 3501 754 3531 et
771 3494 967 3543 eclipticae,
997 3507 1151 3533 necesse

113 3547 171 3576 est
197 3547 242 3576 ut
269 3540 465 3578 mutabilis
483 3542 533 3580 sit
550 3543 712 3582 fixarum
741 3559 764 3584 a
784 3547 939 3595 punctis
957 3549 1150 3598 aequinoc-

109 3591 268 3630 *tialibus
286 3593 465 3631 distantia
482 3602 520 3632 et
538 3596 655 3634 stellae
673 3600 721 3635 ab
744 3598 879 3637 iisdem
900 3602 1052 3648 punctis
1069 3612 1150 3638 ver-

116 3657 183 3683 sus
205 3647 390 3683 orientem
415 3647 586 3697 quotidie
609 3651 786 3700 progredi
806 3652 1019 3699 videantur,
1047 3652 1153 3690 unde

117 3697 287 3746 ipsarum
314 3699 577 3749 longitudines
602 3715 690 3752 quae
717 3703 758 3740 in
783 3704 958 3753 ecliptica
975 3708 1023 3744 ab
1046 3706 1158 3744 initio

122 3750 264 3789 Arietis
288 3752 367 3791 sive
394 3753 659 3792 intersectione
685 3756 828 3793 vernali
847 3757 1032 3806 eclipticae
1051 3766 1089 3796 et
1106 3773 1156 3796 ae-

118 3804 285 3854 quateris
306 3806 520 3857 computari
545 3807 680 3853 solent,
702 3808 886 3848 continu&
903 3819 1091 3859 crescunt,
1120 3818 1158 3850 et

1199 2752 1399 2801 antiquam
1436 2751 1567 2789 sedem
1603 2751 1847 2787 mutaverint.
1909 2750 1971 2787 Sic
2006 2748 2246 2786 constellatio

1205 2804 1350 2842 Arietis
1377 2817 1464 2855 quae
1490 2811 1661 2851 tempore
1683 2803 1903 2851 Hipparchi
1923 2802 2042 2851 prope
2064 2803 2244 2839 intersec-

1201 2858 1349 2896 tionem
1368 2857 1561 2895 vernalem
1581 2855 1766 2905 eclipticae
1786 2864 1823 2894 et
1842 2856 2044 2905 aequatoris
2062 2855 2139 2892 visa
2157 2854 2242 2899 fuit,

1200 2923 1308 2948 nunc
1326 2912 1374 2949 ab
1393 2910 1527 2948 eadem
1546 2909 1714 2960 digressa
1731 2909 1772 2946 in
1792 2909 1904 2960 signo
1921 2909 2041 2947 Tauri
2059 2915 2244 2953 moratur,

1199 2964 1299 3002 sicut
1317 2971 1357 3001 et
1377 2963 1495 3002 Tauri
1516 2962 1755 3001 constellatio
1773 2963 1815 3000 in
1839 2963 2094 3000 Geminorum
2115 2961 2246 2998 locum

1199 3016 1385 3062 transivit,
1411 3016 1646 3067 Geminique
1672 3016 1714 3054 in
1743 3017 1936 3055 Cancrum
1957 3014 2122 3063 promoti
2141 3021 2245 3060 sunt,

1201 3069 1256 3107 ita
1271 3077 1315 3108 ut
1333 3082 1572 3120 unaquaeque
1587 3069 1826 3108 constellatio
1837 3082 1858 3106 e
1873 3081 1944 3106 suo
1962 3069 2002 3104 in
2022 3068 2246 3116 proximum

1196 3122 1331 3161 ¹locum
1356 3122 1587 3162 successerit.
1643 3126 1664 3148 ³*
1690 3122 1793 3162 Cam
1817 3129 1946 3159 autem
1972 3119 2045 3165 hic,
2076 3119 2172 3158 dum
2197 3120 2246 3159 de

1202 3175 1452 3215 inclinatione
1477 3176 1641 3227 egimus,
1670 3189 1742 3214 nec
1771 3174 1821 3213 ad
1848 3182 1998 3212 motum
2025 3174 2152 3222 ipsum
2174 3186 2247 3212 no-

1202 3228 1354 3276 dorum,
1385 3242 1457 3268 nec
1486 3228 1535 3266 ad
1566 3229 1887 3267 excentricitatem
1912 3226 2122 3265 orbitarum
2149 3239 2246 3277 quas

1206 3283 1326 3321 Terra
1360 3289 1429 3321 aut
1465 3282 1584 3321 Luna
1619 3281 1850 3326 describunt,
1882 3293 1954 3318 nec
1985 3280 2034 3319 ad
2066 3280 2247 3330 apsidum

1203 3343 1345 3382 motuS,
1371 3348 1443 3374 nec
1464 3334 1514 3373 ad
1541 3335 1860 3386 irregularitatem
1887 3333 2000 3373 molis
2030 3333 2162 3371 Terrae
2189 3342 2247 3372 at-

1203 3388 1451 3435 tenderimus,
1471 3400 1543 3426 nec
1561 3388 1728 3438 denique
1745 3387 1796 3426 ad
1814 3386 1978 3425 aliorum
2002 3386 2248 3436 planetarum

1203 3442 1384 3486 actiones,
1418 3440 1597 3492 quaedam
1632 3440 1750 3479 etiam
1786 3439 1970 3489 eclipticae
2005 3440 2247 3478 inclinationi

1203 3495 1368 3532 mutatio
1403 3493 1529 3532 afferri
1564 3501 1698 3542 potest,
1736 3507 1823 3543 quae
1858 3494 1957 3531 forte
1993 3494 2248 3543 perseverabit

1205 3548 1294 3585 satis
1312 3554 1357 3584 ut
1375 3546 1563 3585 sensibilis
1588 3546 1722 3585 evadat
1738 3562 1746 3586 ε
1778 3546 2037 3584 inclinationis
2055 3547 2248 3597 angulum

1209 3600 1254 3636 1'.
1278 3607 1436 3638 centum
1461 3599 1572 3637 annis
1590 3599 1805 3638 decrescere
1823 3600 1974 3638 volebat
1995 3600 2245 3643 Louvillaeus,

1200 3652 1270 3690 'cui
1289 3665 1368 3690 non
1387 3660 1604 3702 repugnant
1621 3666 1708 3703 quae
1731 3653 1914 3692 Cassinus
1931 3653 1969 3690 in
1989 3652 2248 3691 Astronomiae

1212 3705 1440 3751 ElementiS,
1466 3718 1510 3743 ex
1541 3705 1645 3744 varia
1671 3715 1978 3750 astronomorum
1998 3707 2249 3744 aestimatione

1209 3758 1470 3796 inclinationis
1491 3759 1677 3808 eclipticae
1703 3760 1848 3801 retulit.
1909 3759 1986 3799 Sed
2004 3758 2052 3798 de
2073 3759 2120 3797 iis
2137 3758 2250 3809 plura

1210 3811 1250 3849 in
1269 3819 1464 3862 posterum
1482 3820 1596 3852 erunt
1614 3811 1788 3853 dicenda.
