2528 4172
289 286 354 330 14

777 274 1343 330 PHILOSOPHIAE
1383 272 1835 360 NATURALIS
1891 272 2009 336 [DE
2031 270 2236 324 MUND.
2261 272 2412 324 SYST.

585 508 916 558 Planetarum
941 500 1002 556 dc
1034 506 1249 557 Telluris
1274 507 1530 557 dz'stantioe
1554 505 1619 573 (¹¹)
1645 507 1905 556 mediocres
1930 524 1961 555 α
1987 505 2113 557 Sole.

1186 662 1221 712 b

287 729 563 777 Secundum
587 727 850 789 Keplerum

288 812 563 860 Secundum
585 809 879 857 Bullialdum

1403 662 1451 709 2t
1644 659 1679 707 ὅ*
1877 656 1906 705 ὅ
2104 660 2132 709 83
2298 659 2327 710 ἕ

1092 735 1302 784 951000.
1329 729 1536 784 519650.
1568 735 1773 776 152350.
1803 735 2008 777 100000.
2037 732 2211 781 72400.
2239 726 2414 775 38806.

1092 818 1303 868 954198.
1332 817 1539 859 522520.
1571 819 1776 862 152350.
1806 818 2011 860 100000.
2039 818 2214 867 72398.
2240 816 2415 857 38585.

288 895 564 943 Secundum
579 901 794 956 tempora
809 893 1051 956 periodica
1091 894 1302 950 954006.
1328 894 1536 950 520096.
1567 895 1774 950 152369.
1802 901 2006 942 100000.
2034 900 2210 949 72333.
2239 900 2414 947 38710.

358 1044 423 1111 (x)
463 1042 551 1094 De
576 1041 830 1094 distantiis
858 1041 1112 1093 Mercurii
1150 1053 1200 1094 et
1225 1043 1443 1095 Veneris
1481 1062 1512 1094 a
1553 1043 1673 1095 Sole
1698 1043 1997 1110 disputandi
2021 1061 2128 1092 non
2155 1051 2232 1094 est
2255 1041 2414 1103 locus,

285 1128 405 1182 cum
448 1129 531 1181 hae
572 1149 667 1198 per
706 1148 886 1180 eorum
924 1129 1275 1201 elongationes
1314 1151 1344 1182 a

1384 1131 1504 1184 Sole
1538 1131 1959 1182 determinentur.
2037 1131 2124 1183 De
2162 1130 2417 1181 distantiis

287 1220 440 1271 etiam
467 1218 786 1287 superiorum
814 1217 1138 1286 planetarum
1164 1238 1195 1271 a
1216 1219 1336 1272 Sole
1361 1220 1559 1271 tollitur
1585 1220 1751 1272 omnis
1777 1219 2055 1288 disputatio
2079 1237 2175 1288 per
2200 1219 2417 1287 eclipses

288 1391 597 1430 determinantur
628 1391 780 1441 aphelia
804 1399 843 1430 et
866 1391 1049 1441 perihelia
1079 1392 1323 1441 planetarum

287 1458 379 1483 cum
397 1446 569 1494 ipsorum
586 1446 882 1490 excentricitate,
910 1444 1024 1496 atque
1049 1446 1219 1483 construi
1237 1459 1324 1495 pos-

288 1506 381 1536 sunt
407 1498 550 1536 tabulae
576 1511 645 1548 per
665 1511 760 1548 quas
786 1506 958 1547 tempore
975 1498 1147 1548 quolibet
1164 1498 1326 1537 inveniri

294 1559 418 1600 potest
454 1564 589 1589 eorum
625 1551 733 1589 locus
768 1552 810 1588 in
846 1552 999 1600 propria
1028 1550 1162 1589 orbita.
1226 1553 1327 1596 Quae

288 1606 420 1642 omnia
445 1603 642 1653 quomodo
668 1618 715 1642 ex
741 1605 1066 1643 observationibus
1084 1604 1330 1643 determinari

290 1657 438 1708 possint
452 1657 757 1706 independenter
774 1659 821 1696 ab
839 1658 1126 1707 hypothesibus,
1149 1658 1263 1696 Tom.
1290 1658 1325 1696 I.

292 1711 489 1748 Element.
544 1713 768 1749 Astronom.
827 1712 1005 1759 exposuit
1058 1711 1328 1749 celeberrimus

294 1764 490 1802 cassinus.
514 1792 518 1796 .
939 1802 941 1806 ,

346 1817 402 1869 (¹¹)
423 1822 487 1855 60.
514 1819 534 1841 ³¹*
556 1819 762 1856 Distanzice
780 1819 976 1856 mediocres
994 1831 1017 1854 α
1038 1819 1127 1855 Sole.
1189 1817 1325 1855 Plane-

289 1876 420 1907 tarum
438 1870 628 1907 distantiae
646 1884 669 1908 a
691 1870 778 1908 Sole
792 1883 859 1919 per
873 1870 1151 1909 observationes
1165 1878 1327 1918 possunt

291 1922 455 1960 definiri.
516 1923 597 1961 Hic
625 1931 755 1961 autem
782 1936 861 1960 non
890 1931 1116 1972 quaeruntur
1143 1923 1327 1961 absolutae

291 1975 482 2013 distantiae
518 1976 761 2024 planetarum
791 1989 815 2014 a
850 1977 951 2022 Sole,
985 1976 1051 2013 sed
1081 1975 1326 2014 solummodo

290 2029 458 2066 rationes
475 2029 629 2066 illarum
649 2029 916 2067 distantiarum
935 2028 984 2066 ad
1003 2029 1200 2066 distantias
1229 2029 1327 2067 Solis

290 2095 315 2119 a
335 2082 504 2119 Tellure.
554 2082 691 2132 Itaque
709 2083 753 2120 sit
778 2083 845 2120 Sol
863 2082 903 2118 in
927 2083 965 2125 S,
991 2083 1111 2120 Terra
1128 2082 1327 2131 quiescens

291 2134 353 2171 vel
379 2141 484 2172 mota
510 2135 550 2172 in
581 2136 630 2179 T,
658 2135 812 2184 planeta
838 2135 879 2172 in
911 2135 957 2179 P,
984 2137 1203 2172 observetur
1220 2135 1328 2172 locus

291 2187 455 2236 planetae
483 2187 525 2224 in
550 2187 659 2233 coelo,
680 2196 718 2226 et
735 2201 804 2237 per
821 2188 1008 2225 theoriam
1031 2187 1144 2232 Solis,
1174 2188 1327 2226 dabitur

291 2241 400 2278 locus
435 2241 534 2279 Solis
570 2248 741 2291 tempore
779 2241 1050 2281 observationis
1085 2254 1154 2279 seu
1188 2241 1328 2291 positio

806 2356 854 2398 Ρ

295 3243 409 3281 lineae
430 3245 466 3282 T
489 3245 527 3290 S,
546 3243 654 3282 unde
673 3243 786 3282 datur
805 3243 973 3295 angulus
995 3243 1021 3280 S
1042 3242 1078 3280 T
1101 3242 1146 3280 Ρ.
1209 3244 1329 3287 Quae-

299 3305 407 3334 ratur
433 3297 547 3334 etiam
575 3297 683 3335 locus
709 3297 873 3345 planetae
906 3297 950 3342 P,
976 3296 1016 3332 in
1035 3294 1189 3344 propria
1205 3295 1331 3334 orbita

296 3362 365 3397 per
381 3351 564 3387 theoriam
580 3350 754 3398 planetae,
777 3358 818 3388 et
835 3350 926 3400 quia
943 3349 1057 3387 datur
1074 3348 1183 3387 locus
1204 3350 1334 3391 Terrae

302 3403 339 3440 T
365 3415 387 3438 e
418 3402 507 3440 Sole
526 3402 630 3440 visus
648 3411 763 3453 atque
781 3403 890 3441 locus
913 3402 1078 3451 planetae
1107 3402 1155 3448 P,
1183 3401 1337 3439 dabitur

298 3455 467 3504 angulus
501 3455 535 3493 P
558 3455 585 3492 S
608 3457 656 3494 T.
718 3455 996 3506 Inspriangulo
1027 3454 1148 3505 igitur
1179 3455 1215 3492 P
1236 3455 1263 3492 S
1285 3455 1334 3500 T,

297 3509 440 3545 dantur
458 3518 534 3545 tres
551 3508 699 3559 anguli,
720 3521 764 3546 ac
784 3507 947 3558 proinde
966 3507 1080 3545 datur
1104 3507 1217 3545 etiam
1239 3505 1336 3545 ratio

296 3560 461 3598 laterum
493 3560 527 3598 P
551 3562 576 3598 S
604 3573 642 3598 et
673 3562 700 3598 S
722 3562 781 3608 T;
815 3562 894 3608 sed,
923 3574 991 3610 per
1012 3561 1198 3599 theoriam
1229 3560 1354 3609 Solis„

300 3613 415 3650 datur
442 3614 538 3651 ratio
561 3615 588 3652 S
609 3615 645 3652 T
664 3614 712 3651 ad
732 3615 964 3652 mediocrem
990 3613 1210 3651 distantiam
1241 3613 1341 3651 Solis

300 3679 321 3703 a
346 3666 481 3711 Terra,
503 3676 539 3703 et
560 3679 628 3714 per
645 3667 832 3705 theoriam
852 3668 1016 3716 planetae
1037 3667 1084 3712 P,
1111 3666 1226 3704 datur
1242 3666 1340 3704 ratio

300 3718 491 3756 distantiae
514 3720 540 3756 S
558 3720 603 3766 P,
622 3719 670 3756 ad
690 3717 922 3757 mediocrem
938 3720 1157 3757 distantiam
1176 3719 1341 3768 planetae

297 3786 321 3808 u
357 3771 458 3818 Sole,
489 3771 585 3823 crgo
615 3772 768 3811 dabitur
794 3774 892 3810 ratio
921 3772 1112 3811 distantiae
1139 3771 1341 3810 mediocris

1377 1393 1544 1441 planetae
1562 1405 1585 1430 a
1607 1392 1696 1431 Sole
1714 1393 1762 1430 ad
1782 1391 2004 1431 distantiam
2023 1391 2257 1430 mediocrem
2280 1389 2380 1429 Solis
2394 1402 2418 1427 a

1381 1446 1514 1484 Terra.
1577 1446 1826 1496 Negligimus
1840 1445 1974 1483 autem
1987 1445 2172 1482 minutias
2185 1456 2272 1493 quae
2289 1455 2337 1480 ex
2356 1442 2417 1479 in-

1380 1499 1585 1538 clinatione
1605 1500 1756 1537 orbium
1774 1499 2015 1547 planetarum
2031 1498 2080 1535 ad
2095 1497 2315 1546 eclipticam
2329 1494 2420 1532 oriri

1380 1560 1555 1602 possunt,
1585 1560 1623 1590 et
1648 1551 1830 1601 praeterea
1848 1551 2126 1589 observationes
2150 1557 2310 1598 possunt
2336 1547 2422 1585 fieri

1382 1606 1477 1643 dum
1503 1605 1658 1654 planeta
1683 1613 1742 1642 est
1767 1604 1886 1654 prope
1906 1604 2038 1651 nodos,
2059 1604 2127 1641 ubi
2145 1601 2225 1641 fere
2245 1603 2287 1639 in
2305 1601 2421 1651 plano

1383 1659 1569 1707 eclipticae
1589 1666 1770 1695 versatur.

1436 1711 1495 1764 (¹)
1517 1716 1579 1750 61.
1604 1714 1626 1736 ²*
1656 1714 1721 1751 De
1750 1713 1937 1750 distantiis
1968 1712 2153 1750 Mercurii
2180 1717 2214 1748 et
2252 1709 2416 1747 Veneris.

1386 1765 1443 1803 Sit
1476 1765 1514 1802 A
1537 1765 1572 1802 B
1596 1763 1632 1801 P
1664 1763 1786 1801 orbita
1816 1764 1990 1810 Veneris,
2026 1766 2053 1803 S
2093 1763 2170 1809 Sol,
2212 1763 2331 1800 Terra
2368 1761 2418 1806 T,

1385 1820 1524 1856 Venus
1559 1817 1595 1855 P
1624 1817 1666 1853 in
1696 1815 1868 1854 maxima
1899 1816 1971 1855 sua
1995 1816 2253 1868 elongatione.
2316 1813 2423 1858 Quia

1381 1871 1504 1909 orbita
1549 1870 1712 1908 Veneris
1741 1877 1799 1908 est
1832 1868 1914 1908 fere
1947 1870 2157 1916 circularis,
2194 1869 2298 1906 linea
2329 1868 2365 1905 T
2386 1866 2423 1904 P

1380 1931 1513 1976 tanget
1547 1923 1709 1962 orbitam
1738 1922 1780 1959 in
1805 1923 1853 1970 P,
1883 1922 2047 1974 ideoque
2068 1922 2237 1975 angulus
2266 1921 2293 1959 S
2314 1920 2350 1959 P
2371 1919 2420 1966 T,

1845 3231 1898 3269 Ἰ

1391 3353 1529 3384 rectus.
1588 3344 1705 3384 Unde
1721 3353 1780 3384 est
1797 3354 1843 3385 ut
1857 3359 1966 3385 smus
1984 3354 2086 3385 totus
2103 3347 2151 3385 ad
2171 3347 2299 3393 sinum
2316 3347 2423 3386 elon·-

1390 3399 1556 3449 gationis
1587 3399 1766 3437 maximae
1798 3413 1866 3438 seu
1893 3400 2027 3451 auguli
2054 3401 2240 3439 observati
2269 3403 2295 3439 S
2316 3402 2353 3439 T
2373 3401 2421 3446 P,

1389 3450 1446 3490 ita
1475 3451 1654 3491 distantia
1688 3453 1786 3490 Solis
1816 3467 1839 3491 a
1872 3453 1993 3491 Terra
2023 3455 2049 3491 S
2071 3455 2107 3497 T
2132 3454 2182 3491 ad
2206 3453 2424 3492 distantiam

1394 3507 1421 3543 S
1438 3505 1485 3551 P,
1511 3505 1674 3544 Veneris
1692 3519 1715 3543 a
1736 3506 1835 3543 Sole.
1897 3507 2136 3555 Supponitur
2154 3515 2281 3544 autem
2301 3507 2423 3544 orbita

1394 3558 1600 3604 circularis,
1630 3558 1722 3609 quia
1755 3559 1890 3597 Venus
1923 3572 2122 3609 nunquam
2163 3559 2374 3609 digreditur
2400 3571 2424 3595 a

1399 3612 1486 3649 Sole
1504 3611 1607 3649 ultra
1626 3610 1698 3650 470
1719 3612 1837 3649 30'1et
1854 3614 1936 3663 ejus
1959 3613 2219 3664 elongationes
2245 3611 2423 3648 maximae

1393 3677 1593 3715 nunquam
1609 3665 1775 3702 minores
1789 3675 1879 3703 sunt
1893 3666 2076 3715 gradibus
2090 3663 2163 3703 450
2178 3664 2249 3702 50'.
2291 3662 2423 3708 Quare

1395 3718 1562 3768 angulus
1592 3719 1618 3755 S
1641 3711 1674 3755 P
1696 3719 1732 3756 T
1759 3726 1817 3756 est
1834 3714 1915 3757 fere
1932 3727 2069 3757 rectus.
2129 3716 2170 3755 Si
2188 3714 2278 3754 ver&
2297 3716 2422 3754 consi-

1395 3770 1528 3809 derare
1546 3770 1708 3809 velimus
1727 3771 2016 3811 inclinationem
2033 3769 2167 3810 orbitae
2187 3769 2362 3816 Veneris,
2377 3768 2426 3823 sit
