2528 4172
233 254 338 305 312
651 251 1097 315 INQUISITIO
1138 251 1480 305 PHYSICA
1520 252 1604 306 IN
1645 253 1968 308 CAUSAM

232 392 369 447 unde
394 391 620 445 dilucide
647 393 877 461 sequitur
901 401 1056 442 aestus
1082 390 1145 443 6ὸ
1170 391 1371 444 tardius
1390 394 1633 445 advenire
1659 395 1864 458 debere,
1889 393 1993 464 quo
2014 394 2115 445 sint
2139 394 2374 463 majores.

230 485 409 554 Atque
444 482 546 533 hoc
582 482 753 549 ipsum
790 480 1111 548 experientia
1143 482 1433 545 confirmat,
1474 482 1574 553 qua
1602 494 1803 536 constat
1828 493 1983 535 aestus
2011 484 2246 552 majores,
2288 484 2377 552 qui

228 573 367 624 circa
390 568 656 622 novilunia
681 587 742 619 ac
770 568 1057 637 plenilunia
1082 571 1407 640 contingunt,
1446 570 1644 623 tardius
1679 571 1881 640 insequi
1904 571 2177 623 transitum
2207 570 2377 622 Lunae

228 679 324 732 per
348 661 711 721 meridianum,
740 657 896 729 quam
921 670 1077 712 aestus
1102 661 1345 723 minores,
1387 661 1476 730 qui
1513 662 1650 713 circa
1686 661 2025 732 quadraturas
2052 661 2373 730 contingunt.

229 753 364 807 Cum
393 753 529 804 enim
558 752 713 804 Luna
738 752 792 802 in
819 751 1147 821 quadraturis
1174 751 1377 802 circiter
1402 760 1433 804 6
1463 751 1604 804 horis
1632 749 1827 803 tardius
1854 761 2091 820 respectu
2122 750 2255 802 Solis
2280 767 2375 818 per

226 844 570 897 meridianum
607 853 848 906 transeat,
890 841 1046 913 quam
1071 842 1126 892 in
1153 842 1390 913 syzygiis,
1418 851 1574 894 aestus
1602 853 1772 894 tamen
1797 860 1903 893 non
1932 849 1962 894 6
1990 841 2131 892 horis
2160 837 2372 903 tardifis,

226 934 318 986 sed
343 943 546 985 tantum
573 933 776 984 circiter
803 932 869 995 ,δὲ
894 933 1037 983 horis
1063 930 1260 983 tardius
1287 931 1487 983 accidit.
1552 932 1775 984 Videtur
1798 930 1922 983 vero
1948 931 2101 982 etiam
2128 931 2389 1002 calculu5,

227 1023 316 1094 qui
341 1041 440 1092 pro
466 1033 686 1092 utraque
709 1021 761 1073 vi
797 1021 932 1073 Solis
959 1040 1020 1073 ac
1046 1022 1216 1073 Lunae
1242 1021 1557 1090 conjunctim
1582 1021 1780 1073 institui
1817 1030 1989 1090 potest
2015 1021 2168 1072 simili
2194 1020 2370 1082 modo,

224 1130 328 1183 quo
365 1129 464 1180 pro
490 1111 597 1162 sola
624 1111 676 1162 vi
702 1110 873 1163 Lunae
898 1109 1127 1173 fecimus,
1168 1109 1420 1179 ejusmodi
1447 1109 1846 1161 retardationem
1871 1111 2120 1179 majorem
2146 1111 2199 1160 in
2227 1129 2373 1180 syzy-

222 1201 320 1272 giis
348 1200 506 1270 quam
529 1201 584 1251 in
611 1199 941 1270 quadraturis
966 1199 1213 1262 indicare,
1242 1199 1442 1251 etiamsi
1468 1218 1588 1250 eum
1613 1199 1680 1250 ob
1707 1216 1932 1251 summas
1959 1200 2285 1251 difficultates
2306 1201 2374 1252 ad

222 1293 381 1344 finem
418 1292 706 1360 perducere
745 1310 851 1342 non
887 1290 1231 1352 valuerimus3
1270 1290 1476 1341 interim
1501 1300 1674 1341 tamen
1701 1290 1821 1341 satis
1846 1289 2059 1358 planum
2087 1299 2164 1341 est
2188 1291 2374 1358 praeci-

220 1396 381 1450 puam
421 1382 530 1451 ejus
570 1399 778 1434 causam
815 1381 870 1432 in
908 1379 1019 1450 ipsa
1058 1379 1242 1432 natura
1281 1398 1430 1450 aquae
1457 1398 1565 1431 esse
1592 1379 1943 1449 quaerendam.
2024 1380 2163 1431 Haec
2201 1392 2376 1433 autem

197 1473 375 1524 allata
411 1472 543 1523 ratio
578 1472 941 1524 retardationis
980 1491 1011 1523 a
1051 1472 1366 1523 Flamstedio
1390 1472 1616 1523 maxime
1641 1473 1909 1542 probatur,
1948 1472 2139 1542 quippe
2167 1473 2256 1541 qui
2282 1473 2375 1524 ob-

224 1564 447 1616 servavit
488 1565 771 1616 maximam
810 1564 1215 1616 retardationem
1257 1584 1365 1616 non
1402 1576 1508 1618 tam
1547 1567 1769 1638 syzygiis
1813 1564 2165 1627 luminarium,
2206 1583 2374 1634 neque

220 1655 490 1705 minimam
535 1654 863 1724 quadraturis
906 1655 1240 1725 respondere,
1287 1657 1377 1708 sed
1425 1657 1487 1708 iis
1530 1657 1939 1727 tempestatibus,
1993 1656 2179 1726 quibus
2220 1639 2375 1707 aestus

221 1747 420 1798 soleant
456 1765 567 1798 esse
600 1747 813 1798 maximi
843 1756 895 1798 et
919 1747 1135 1809 minimi,
1176 1746 1230 1798 id
1257 1747 1397 1816 quod
1424 1747 1635 1799 demum
1668 1757 1787 1817 post
1813 1746 2049 1818 syzygias
2076 1755 2127 1797 et
2153 1746 2375 1816 quadra-

222 1847 366 1890 turas
394 1839 664 1910 contingit.

298 1934 338 1996 §.
367 1936 451 1982 91.
499 1928 587 1980 Ad
626 1929 763 1981 hanc
803 1939 976 1980 autem
1019 1929 1258 1981 fluxuum
1303 1948 1333 1980 a
1371 1928 1589 1999 syzygiis
1626 1927 1694 1979 ad
1735 1927 2077 1997 quadraturas
2121 1925 2375 1978 accelera-

219 2017 435 2080 tionem,
478 2028 719 2087 respectu
756 2017 1001 2070 transitus
1047 2017 1216 2069 Lunae
1256 2036 1351 2087 per
1390 2017 1751 2081 meridianum,
1799 2036 1859 2069 ac
1902 2016 2301 2069 retardationem
2347 2036 2378 2066 a

220 2105 552 2175 quadraturis
594 2107 662 2159 ad
707 2107 957 2177 syzygias,
999 2104 1283 2175 plurimum
1326 2124 1534 2176 quoque
1572 2106 1648 2157 vis
1696 2105 1830 2158 Solis
1873 2104 2107 2156 conferre
2150 2104 2372 2156 videtur.

223 2194 397 2265 Supra
436 2196 575 2248 enim
604 2198 715 2267 jam
754 2197 1094 2249 indicavimus
1130 2207 1250 2267 post
1278 2197 1510 2269 syzygIas
1534 2197 1737 2248 fluxum
1763 2196 2038 2248 transitum
2078 2196 2247 2247 Lunae
2283 2215 2377 2264 per

219 2285 567 2338 meridianum
608 2287 913 2339 antecedere
956 2288 1163 2351 debere,
1217 2288 1284 2339 ob
1329 2289 1503 2340 Solem
1538 2298 1651 2340 tum
1683 2290 1796 2358 jam
1834 2286 2013 2340 versus
2055 2287 2375 2338 horizontem

221 2376 598 2439 declinantem3
639 2377 780 2429 unde
807 2378 978 2440 etiam,
1009 2377 1231 2429 stabilita
1258 2378 1460 2441 inertia,
1500 2378 1685 2431 diebus
1712 2377 1978 2429 novilunia
2005 2396 2065 2428 ac
2089 2376 2400 2454 plenilunia·

219 2467 553 2536 sequentibus
592 2478 748 2519 aestus
787 2468 944 2519 maris
983 2467 1132 2520 6111115
1169 2469 1372 2539 insequi
1397 2469 1553 2521 debet
1578 2469 1856 2520 transitum
1895 2468 2065 2520 Lunae
2101 2486 2196 2537 per
2221 2468 2376 2518 meri-

223 2558 455 2619 dianum,
501 2556 658 2627 quam
700 2559 754 2608 in
797 2558 921 2626 ipsis
967 2559 1205 2630 syzygiis,
1253 2560 1309 2610 id
1346 2560 1487 2629 quod
1525 2559 1680 2612 etiam
1725 2558 2109 2609 observationes
2154 2555 2373 2625 mirifice

218 2652 557 2714 confirmant3
597 2653 733 2703 inter
768 2652 973 2703 fluxum
1011 2652 1149 2705 enim
1187 2652 1425 2726 quintum
1464 2663 1515 2704 et
1552 2662 1761 2704 sextum
1796 2661 1915 2719 post
1948 2649 2179 2720 syzygias
2204 2659 2367 2700 retar-

217 2742 360 2795 datio
385 2752 624 2811 respectu
653 2742 788 2795 Solis
814 2752 1017 2795 tantum
1048 2748 1110 2798 17
1137 2742 1320 2794 minut.
1349 2741 1772 2812 deprehenditur,
1792 2740 1912 2793 61111]
1929 2750 2104 2793 tamen
2130 2740 2286 2792 Luna
2306 2745 2374 2790 24

217 2832 402 2883 minut.
431 2831 739 2883 retardetur.
813 2831 975 2883 Hanc
1005 2832 1072 2883 ob
1100 2850 1211 2883 rem
1238 2850 1268 2882 a
1298 2832 1419 2884 Sole
1445 2831 1818 2883 determinatur
1843 2839 2001 2881 aestus
2027 2829 2095 2881 ad
2119 2828 2376 2880 actionem

219 2922 409 2974 virium
445 2923 611 2994 magis
651 2921 831 2975 exacte
870 2923 1204 2993 sequendam,
1246 2941 1363 2993 quae
1399 2921 1762 2986 determinatio
1789 2917 1906 2991 611111
1941 2920 2094 2987 duret
2117 2937 2281 2988 usque
2307 2918 2375 2970 ad

219 3014 579 3083 quadraturaS,
620 3012 811 3065 mirum
836 3033 940 3066 non
969 3028 1062 3078 est,
1107 3013 1249 3085 quod
1274 3024 1432 3066 aestus
1457 3010 1570 3065 111111
1596 3021 1834 3081 respectu
1873 3011 2043 3063 Lunae
2069 3007 2219 3061 6111115
2246 2998 2369 3060 con-

220 3105 444 3176 tingant,
471 3105 740 3176 magisque
766 3104 833 3156 ad
860 3105 1116 3156 calculum
1137 3104 1402 3156 accedant.
1469 3102 1804 3154 Contrarium
1823 3099 1993 3152 evenit
2017 3099 2071 3149 in
2091 3116 2374 3169 progressu

224 3215 256 3247 a
295 3198 625 3267 quadraturis
664 3197 731 3249 ad
769 3198 1018 3268 syzygiaS,
1059 3215 1164 3266 quo
1189 3207 1423 3265 tempore
1447 3204 1604 3246 aestus
1630 3212 1661 3244 a
1689 3192 1810 3245 Sole
1836 3187 2082 3243 continuo
2107 3189 2374 3241 retardan-

221 3294 324 3349 tur,
352 3287 560 3357 hocque
585 3285 877 3340 necessario
903 3287 1137 3350 efficitur,
1177 3296 1235 3337 ut
1268 3286 1478 3354 tandem
1504 3285 1558 3354 in
1583 3283 1718 3352 ipsis,
1735 3282 1953 3352 syzygiis
1978 3277 2372 3352 fluxusatardilis

223 3375 528 3446 insequatur
570 3378 740 3430 Lunae
782 3377 1202 3428 culminationem
1246 3373 1402 3445 quam
1444 3375 1498 3425 in
1544 3372 1887 3443 quadraturis.
1991 3371 2151 3422 Hanc
2200 3379 2373 3446 autem

223 3466 481 3518 rationem
518 3479 653 3519 cum·
674 3466 1036 3539 magnitudine
1075 3464 1231 3516 aestus
1269 3461 1683 3534 conjungendam
1728 3479 1839 3512 esse
1876 3472 2117 3528 putamus
2157 3458 2223 3510 ad
2237 3452 2373 3509 ⁴‘haec

222 3556 571 3626 phaenome‘na
595 3559 825 3628 perfecte
851 3557 1176 3628 explicanda,
1206 3553 1486 3625 saepissime
1512 3554 1647 3605 enim
1686 3552 1740 3603 in
1764 3551 1864 3628 hac
1890 3551 2172 3622 quaestione
2195 3549 2372 3620 plures

223 3664 396 3699 causae
435 3646 503 3697 ad
540 3648 764 3700 eundem
800 3634 1041 3700 effectum
1077 3644 1476 3716 producendum
1510 3653 1853 3703 concurrunt3
1890 3639 1993 3692 hoc
2019 3650 2190 3693 autem
2216 3649 2293 3691 est
2318 3638 2373 3689 id

219 3735 398 3803 „ipsum
436 3735 578 3806 quod
615 3736 842 3789 calculus
879 3737 967 3788 ille
1005 3733 1335 3806 summopere
1372 3733 1662 3802 implicatus
1706 3741 1757 3784 et
1795 3728 2228 3799 molestusquasi
2264 3745 2371 3795 per

225 3836 556 3877 transennam
583 3825 855 3877 ostendere
880 3826 1020 3877 visus
1046 3836 1136 3878 est.
