2528 4172
313 246 382 292 88

659 449 1131 504 PROPOSITIO
1170 450 1335 502 XXI.

805 238 1370 294 PHILOSOPHIAE
1409 240 1862 297 NATURALIS
1917 212 2259 310 [DE'MUND.
2285 246 2434 300 Svsr.

1417 449 1870 505 THEOREMA
1907 452 2095 506 XVII.

313 616 372 684 (τ’)
416 616 621 666 Puncta
663 614 1038 680 aequinoctialia
1076 615 1290 682 regredi,
1336 623 1385 665 et
1408 633 1548 667 aoeem
1595 616 1768 667 Terrce
1808 617 2017 685 singulis
2055 618 2434 671 revolutionibus

369 706 552 756 annuis
576 706 799 755 nutando
824 705 898 757 bis
925 705 987 774 (q)
1018 706 1259 755 inclinari
1294 706 1348 756 in
1373 707 1650 772 eclipticam
1675 715 1723 758 et
1748 706 1822 759 bis
1845 708 2015 757 redire
2038 709 2110 758 ad
2133 709 2430 774 positionem

356 798 598 865 priorem.

364 970 515 1022 Patet
537 987 632 1038 per
660 967 835 1021 Corol.
864 973 950 1019 20.
980 966 1138 1037 Prop.
1167 967 1375 1020 LXVI.
1405 968 1523 1020 Lib.
1554 968 1598 1021 I.

1683 967 1864 1021 Motus
1889 980 2063 1023 tamen
2087 971 2184 1022 iste
2214 972 2429 1024 nutandi

289 1062 608 1133 perexiguus
629 1078 739 1112 esse
764 1059 936 1122 debet,
965 1069 1016 1111 et
1039 1060 1130 1111 vix
1155 1069 1244 1111 aut
1267 1079 1335 1112 ne
1359 1061 1450 1112 vix
1476 1061 1686 1131 quidem
1711 1062 1981 1115 sensibilia

296 1252 402 1319 39585.
462 1268 639 1308 Tandem
662 1268 694 1307 si
720 1269 818 1308 ratio
835 1268 902 1306 illa
920 1268 970 1306 sit
986 1265 1140 1306 numeri
1162 1269 1258 1307 1351
1281 1266 1332 1306 ad

288 1324 392 1358 1440
419 1329 465 1360 ut
494 1322 726 1373 quibusdam
753 1322 1033 1360 mathematicis
1062 1333 1331 1358 mensurarum

283 1373 524 1420 peritissimis
541 1375 705 1421 videtur,
725 1377 848 1426 major
865 1374 992 1424 prodit
1019 1374 1178 1422 penduli
1205 1374 1330 1425 longi-

284 1426 392 1470 tudo,
412 1428 597 1466 nimirum
616 1429 701 1477 ped.
730 1428 849 1466 Paris.
873 1434 910 1466 3.
933 1428 1001 1464 lin.
1026 1431 1178 1465 85888.

343 1480 444 1518 Haec
472 1490 563 1519 sunt
590 1495 677 1532 quae
696 1482 746 1519 ad
767 1481 936 1519 Telluris
954 1480 1120 1530 figuram
1140 1487 1322 1529 spectant.

289 1529 383 1569 Hac
402 1533 450 1571 de
467 1547 508 1571 re
527 1546 627 1573 nova
644 1534 927 1585 quamplurima
945 1546 1004 1571 an.
1030 1537 1140 1572 1740.
1155 1541 1193 1570 et
1217 1536 1329 1571 1741.

282 1584 429 1632 duplici
452 1587 730 1625 Dissertatione
749 1586 867 1625 edidit
895 1588 942 1624 P.
969 1585 1195 1624 Boscowick
1217 1586 1256 1623 S.
1280 1586 1322 1624 J.

282 1636 446 1688 insignis
483 1641 698 1678 matheseos
732 1641 944 1689 professor:
991 1638 1159 1677 maxime
1195 1646 1324 1676 autem

281 1692 543 1739 exoptandum
572 1700 617 1730 ut
635 1693 684 1730 ad
708 1694 868 1743 hujusce
886 1692 1107 1743 quaestionis
1130 1691 1327 1741 totiusque

284 1745 501 1783 matheseos
527 1746 735 1783 utilitatem
757 1745 849 1782 salvi
877 1755 916 1783 et
940 1744 1152 1782 incolumes
1169 1744 1327 1782 redeant

282 1796 426 1835 clariss.
452 1798 676 1836 Academici
703 1798 770 1849 qui
793 1798 842 1836 ad
868 1797 1127 1836 definiendam
1156 1796 1328 1834 Telluris

280 1848 445 1899 figuram
484 1851 605 1889 nobili
640 1851 775 1889 ardore
810 1851 1041 1890 laboriosum
1085 1850 1158 1888 iter
1193 1862 1325 1887 versus

279 1910 513 1951 aequatorem
549 1912 810 1953 susceperunt.
884 1903 1009 1942 Simul
1040 1903 1143 1941 enim
1175 1902 1323 1940 collatis

278 1954 409 1992 versus
436 1956 571 2005 polum
591 1964 630 1995 et
647 1957 779 1995 versus
797 1965 1028 2007 aequatorem
1052 1956 1235 1993 institutis
1254 1958 1322 1993 ob-

278 2008 565 2055 servationibus,
594 2023 617 2047 a
641 2009 868 2048 doctissimis
885 2010 975 2047 viris
993 2022 1062 2058 pro
1080 2011 1183 2047 bono
1201 2008 1321 2046 scien·

278 2059 421 2097 tiarum
452 2061 495 2099 in
530 2075 655 2100 unum
692 2063 996 2112 conspirantibus
1029 2062 1238 2100 certissima
1272 2060 1323 2099 de

279 2113 447 2151 Telluris
465 2115 734 2166 magnitudine
752 2124 792 2154 et
810 2115 949 2168 figura,
978 2114 1173 2166 gravitatis
1190 2114 1321 2153 decre-

274 2174 418 2213 mento,
439 2167 599 2218 aliisque
617 2168 667 2206 ad
685 2169 967 2214 astronomiam,
987 2167 1261 2219 geographiam
1279 2174 1319 2206 et

274 2219 472 2268 physicam
491 2220 661 2260 maxime
679 2222 930 2260 momentosis
948 2220 1135 2270 speranda
1151 2227 1252 2258 sunt.

329 2272 386 2323 (P)
411 2278 497 2311 101.
527 2278 683 2314 Puncta
702 2277 986 2326 cequinoctialia.
1048 2275 1088 2312 Si
1110 2274 1232 2312 Terra

273 2325 385 2363 nullo
403 2327 480 2363 alio
498 2337 607 2365 motu
626 2337 763 2376 praeter
780 2338 930 2366 motum
949 2326 1230 2377 progressivum

272 2376 315 2413 in
332 2378 402 2417 sua
416 2378 540 2417 orbita
550 2388 777 2431 motumque
790 2381 988 2432 vertiginis
1006 2381 1104 2417 circa
1118 2392 1230 2417 axem

273 2430 494 2479 agitaretur,
508 2446 618 2470 axem
631 2447 748 2471 suum
759 2434 828 2471 sibi
841 2446 991 2481 semper
1000 2432 1229 2481 parallelum

271 2483 451 2522 retineret
464 2486 574 2536 (Cor.
591 2491 655 2523 22.
677 2487 789 2535 Prop.
807 2474 969 2524 LXVI.
987 2486 1073 2524 Lib.
1091 2485 1143 2534 1.)
1159 2484 1228 2523 sed

273 2537 324 2573 ob
346 2537 514 2585 Telluris
533 2538 699 2589 figuram
723 2538 851 2577 versus
875 2539 986 2588 polos
1009 2538 1226 2587 depressam

273 2596 313 2625 et
336 2588 471 2627 versus
496 2599 728 2641 aequatorem
754 2594 998 2643 oblongatam
1019 2592 1062 2629 fit
1084 2600 1128 2629 ut
1145 2590 1226 2628 axis

272 2642 369 2680 situs
398 2646 654 2692 perturbetur.
731 2645 892 2683 Referat
919 2656 969 2692 ‘v'
997 2657 1048 2688 0,,-5
1076 2658 1129 2688 st
1154 2649 1227 2696 105,

271 2695 435 2734 orbitam
481 2697 651 2735 Telluris
695 2697 797 2736 circa
845 2699 975 2737 Solem
1018 2701 1055 2743 S,
1103 2700 1229 2749 sitque

275 2749 314 2786 A
339 2749 375 2786 E
399 2750 435 2787 B
461 2750 512 2796 Q,
547 2750 627 2799 ipsa
658 2751 793 2789 Tellus
817 2754 929 2803 cujus
950 2752 1030 2802 poli
1056 2752 1094 2790 A
1115 2760 1153 2790 et
1173 2752 1225 2796 Β,

270 2809 440 2851 aequator
454 2803 490 2840 E
507 2804 558 2847 Q.
602 2804 798 2848 Quoniam
817 2808 879 2857 (ex
903 2807 1018 2854 Prop.
1038 2803 1225 2855 praeced.)

273 2855 393 2893 Terra
411 2864 469 2894 est
486 2857 669 2905 sphaerois
687 2857 735 2895 ad
755 2859 864 2906 polos
887 2861 921 2896 A
943 2859 1051 2904 et·B‚
1075 2859 1225 2906 depres-

269 2921 311 2947 sa
341 2916 380 2946 et
411 2908 542 2947 versus
570 2918 803 2960 aequatorem
831 2912 868 2950 E
893 2913 943 2956 Q,
971 2912 1083 2958 elata,
1108 2913 1228 2948 instar

267 2962 375 3012 globi
395 2963 542 3000 annulo
559 2962 780 3001 inhaerentis
798 2967 958 3013 spectari
978 2965 1129 3013 poterit,
1157 2976 1226 3000 an-

268 3015 364 3052 nulo
392 3015 497 3053 enim
525 3016 729 3067 aequivalet
751 3019 910 3056 materia
938 3017 1159 3055 redundans
1185 3015 1226 3053 in

268 3067 493 3118 regionibus
511 3070 725 3119 aequatOris.
786 3070 917 3115 Quare
937 3073 1023 3119 (per
1044 3071 1133 3109 Cor.
1158 3074 1221 3106 20.

271 3121 388 3169 Prop.
407 3121 587 3173 LXVI.)
607 3124 743 3161 annuli
761 3124 877 3175 hujus
895 3124 987 3161 nodi
1006 3123 1224 3173 regredien-

266 3182 344 3219 tur,
364 3174 438 3212 hoc
456 3183 524 3222 est,
556 3176 692 3214 Tellus
710 3177 878 3228 digressa
896 3190 920 3215 a
937 3176 1032 3215 libra
1059 3189 1127 3223 st,
1156 3174 1224 3212 ubi

267 3228 486 3265 communis
513 3229 631 3267 sectio
656 3230 843 3279 eclipticae
863 3238 901 3269 ct
919 3231 1123 3280 aequatoris
1141 3240 1224 3266 ver-

266 3278 335 3317 sus
356 3280 487 3317 Solem
517 3282 553 3326 S,
584 3282 777 3334 dirigitur,
798 3292 836 3321 et
855 3296 922 3332 per
939 3288 993 3336 k?
1015 3282 1148 3321 versfls
1166 3290 1218 3327 ‘Y'

266 3344 442 3382 pergens,
472 3334 522 3372 ad
540 3335 687 3373 nodum
710 3337 748 3375 A
768 3336 875 3386 prius
893 3339 1082 3390 pertinget
1100 3335 1218 3388 quam

266 3385 316 3423 ad
342 3395 393 3432 tw
421 3389 646 3435 pervenerit,
680 3397 719 3427 et
752 3390 888 3428 Tellus
911 3393 958 3429 ab
985 3400 1036 3437 ‹v›
1066 3403 1133 3440 per
1156 3401 1209 3433 ΩΒ

265 3438 397 3477 versus
415 3452 468 3482 st
488 3441 735 3490 progrediens
759 3442 867 3491 prius
883 3444 1046 3482 alterum
1067 3444 1213 3482 nodum

266 3491 304 3529 L
323 3493 486 3543 atintget
503 3493 619 3543 quam
636 3506 688 3535 st
706 3497 771 3533 ubi
790 3496 830 3533 in
846 3497 961 3546 priori
977 3497 1213 3536 revolutione

264 3553 346 3582 erat
371 3546 521 3584 nodus:
554 3545 595 3583 id
623 3556 694 3595 est,
717 3550 916 3597 aequatoris
940 3551 1097 3600 planum
1123 3563 1212 3599 pro·

264 3598 439 3643 ductum,
461 3610 528 3647 per
545 3597 671 3637 Solem
691 3599 798 3649 prius
816 3605 988 3641 transibit
1002 3602 1119 3654 quam
1136 3604 1306 3644 Telluris

1384 1279 1476 1316 pore
1502 1266 1832 1317 aequinoctiorum.
1893 1268 2027 1313 Quare
2054 1276 2170 1318 patet,
2197 1268 2317 1308 stellis
2340 1269 2427 1310 fixis

1383 1321 1677 1370 quiescentibus,
1716 1331 1861 1369 puncta
1901 1322 2182 1371 aequinoctialia
2219 1323 2426 1375 omniaque

1384 1373 1569 1421 eclipticae
1595 1382 1739 1422 puncta
1762 1387 1851 1423 quae
1875 1388 1898 1412 a
1923 1375 2076 1422 punctis
2095 1375 2425 1425 aequinoctialibus

1382 1435 1646 1467 numerantur.
1668 1427 1815 1477 regredi
1837 1440 1904 1464 seu
1923 1428 1963 1464 in
1983 1428 2245 1466 antecedentia
2263 1429 2419 1469 moveri.

1385 1480 1466 1516 Hic
1485 1487 1716 1527 punctorum
1731 1480 2056 1530 aequinoctialium
2072 1493 2266 1530 regressus
2282 1482 2424 1529 pendet

1381 1534 1428 1569 ab
1446 1532 1596 1569 actione
1619 1533 1718 1570 Solis
1735 1533 1776 1570 in
1794 1534 1992 1570 materiam
2011 1533 2059 1570 ad
2079 1541 2204 1582 partes
2223 1535 2423 1584 aequatoris

1378 1585 1671 1629 redundantem,
1689 1585 1755 1623 sed
1774 1594 1811 1624 et
1827 1586 1955 1623 Lunae
1973 1586 2088 1624 etiam
2107 1598 2185 1623 non
2205 1587 2307 1624 leves
2324 1588 2423 1627 vires

1378 1650 1459 1674 esse
1485 1646 1668 1686 possunt3
1697 1638 1788 1676 cum
1808 1640 1911 1676 enim
1936 1640 2049 1676 Luna
2066 1638 2107 1675 in
2127 1639 2311 1688 eclipticae
2339 1640 2421 1688 pla.

1380 1702 1433 1727 no
1451 1698 1519 1728 aut
1536 1703 1615 1727 non
1635 1692 1767 1739 procul
1787 1694 1835 1729 ab
1853 1704 1899 1729 eo
1914 1691 2050 1742 jaceat,
2073 1691 2121 1729 ad
2140 1692 2309 1730 eundem
2329 1705 2420 1731 cum

1383 1743 1472 1780 Sole
1491 1743 1673 1781 effectum
1691 1752 1903 1782 concurret.
1965 1744 2041 1782 Sed
2058 1743 2162 1781 infra
2180 1746 2420 1793 computabi-

1378 1802 1442 1833 tur
1470 1804 1598 1834 motus
1626 1797 1943 1846 aequinoctiorum
1967 1799 2015 1835 ab
2046 1794 2212 1847 utraque
2241 1797 2288 1843 vi,
2321 1798 2421 1837 Solis

1376 1848 1520 1895 scilicet
1538 1857 1576 1886 et
1597 1850 1723 1888 Lunae
1741 1850 1940 1888 oriundus.

1432 1901 1488 1953 (q)
1530 1906 1616 1940 102.
1668 1905 1740 1941 Bis
1773 1905 1954 1942 inclinari
1989 1904 2031 1941 in.
2066 1904 2288 1952 eclipticam.
2366 1904 2419 1943 In

1374 1955 1727 1994 semi-revolutione
1749 1955 1917 1993 Telluris
1937 1954 2039 1993 circa
2066 1955 2195 1993 Solem
2222 1969 2246 1993 a
2269 1967 2323 1998 st
2350 1970 2419 2006 per

1375 2012 1428 2059 ἧς)
1449 2007 1498 2046 ad
1518 2018 1584 2055 (w,
1605 2009 1704 2047 actio
1726 2009 1825 2046 Solis
1851 2008 2137 2046 inclinationem
2158 2015 2360 2059 aequatoris
2378 2011 2418 2048 in

1375 2061 1589 2109 eclipticam
1618 2062 1794 2099 minuere
1820 2069 1982 2100 conatur
2008 2060 2098 2098 cum
2125 2060 2191 2098 ina
2213 2062 2312 2099 actio
2330 2077 2414 2100 eam

1373 2113 1662 2152 inclinationem
1687 2126 1829 2164 augere
1851 2122 2012 2152 conetur
2036 2126 2059 2150 a
2087 2125 2139 2157 Q
2166 2114 2215 2152 ad
2239 2128 2306 2159 st‚
2327 2116 2416 2154 hinc

1372 2167 1541 2205 maxima
1568 2168 1612 2205 fit
1638 2166 1834 2205 inclinatio
1861 2167 1960 2204 inter
1986 2179 2039 2209 st
2064 2177 2102 2206 et
2120 2173 2174 2221 νς
2195 2179 2325 2217 postea
2343 2169 2416 2206 mi-

1372 2219 1507 2257 nuitur
1527 2234 1576 2259 ex
1599 2221 1698 2261 Solis
1715 2221 1864 2259 actione
1883 2220 2047 2259 oriunda
2066 2222 2178 2272 (Cor.
2208 2227 2266 2261 10.
2289 2231 2331 2261 et.
2349 2226 2412 2261 18.

1858 2340 2065 2399 [Α

1361 3606 1477 3655 Prop.
1503 3604 1666 3644 LXVI.
1695 3602 1780 3643 Lib.
1809 3605 1866 3654 Ι.)
1889 3605 2006 3659 fitque
2024 3606 2220 3646 inclinatio
2238 3605 2304 3644 illa
2320 3605 2394 3642 mi„

266 3660 442 3688 centrum
477 3650 527 3688 ad
555 3664 609 3694 st
640 3655 863 3701 pervenerit,
897 3656 963 3694 sed
994 3665 1087 3695 tunc
1117 3658 1307 3710 contingit
1358 3658 1475 3707 nima,
1505 3657 1594 3696 cum
1625 3658 1745 3696 Terra
1772 3668 1827 3697 est
1851 3660 1950 3698 inter
1968 3665 2021 3713 νς
2041 3670 2079 3698 et
2098 3670 2164 3707 m,
2194 3658 2285 3697 cum
2305 3657 2395 3696 vero

265 3704 539 3754 aequinoctium
558 3710 654 3743 dum
673 3705 813 3755 nempe
834 3707 899 3745 Sol
918 3709 958 3745 in
976 3710 1092 3759 plano
1106 3713 1307 3761 aequatoris

266 3757 451 3795 terrestris
479 3767 649 3795 versatur
672 3761 752 3809 (4.)
780 3759 922 3809 illaque
943 3771 1085 3810 puncta
1103 3775 1173 3810 pro
1191 3765 1310 3815 aequi-

266 3810 496 3850 noctialibus
521 3812 711 3849 habentur
735 3813 776 3850 in
795 3813 937 3864 quibus
958 3815 1024 3853 Sol
1043 3815 1194 3854 videtur
1212 3825 1309 3856 tem-

1362 3711 1497 3750 Tellus
1515 3712 1613 3748 inter
1633 3721 1682 3758 ‘Y‘
1705 3720 1742 3749 et
1762 3723 1813 3755 95
1835 3715 2018 3761 pervenit,
2039 3726 2170 3750 rursus
2184 3711 2395 3749 restituitur

1362 3763 1579 3813 praecedcns
1607 3766 1803 3810 inclinatio
1831 3765 1963 3817 (ibid.)
1992 3767 2121 3816 sicque
2148 3764 2326 3812 deinceps
2344 3763 2393 3800 si-

1363 3817 1521 3867 mulque
1550 3829 1641 3856 eum
1673 3827 1862 3869 aequatere
1891 3818 2059 3857 Telluris
2082 3817 2163 3856 axis
2184 3817 2389 3856 oscillatur.
