2528 4172
246 248 351 294 29⁶2.
661 244 1106 307 INQUISITIO
1147 245 1489 299 PHYSICA
1527 247 1613 299 IN
1653 246 1977 302 CAUSAM

243 384 383 436 unde
422 384 519 437 erit
557 384 611 445 Q
648 405 699 431 =
737 384 802 435 M
829 384 874 436 F
912 395 963 436 et
1003 385 1054 436 R
1089 406 1140 433 =
1174 417 1246 426 --
1273 386 1339 438 M
1363 386 1398 451 f,
1439 407 1506 440 ex
1543 388 1730 459 quibus
1765 389 1827 441 fit
1861 399 1920 442 ut
1957 389 2076 443 anta
2116 390 2170 444 K
2205 365 2386 449 =-Sin·

243 486 466 601 (Atang.
492 476 613 612 {lg}
643 540 715 548 —
736 510 923 579 Atang.
951 508 1021 516 ”“
1042 495 1095 527 m
1114 476 1181 608 f)
1213 520 1263 562 et
1288 509 1324 561 k
1358 532 1410 559 =
1446 513 1645 566 cosinui
1682 513 2030 583 respondenti.
2107 515 2191 569 Ne
2212 528 2388 572 >autem

238 652 325 705 hic
362 654 509 723 signa
543 661 595 714 -ἥ-
642 662 695 704 et
729 683 801 693 --
837 652 1094 704 calculum
1134 653 1351 705 confun-

239 741 380 804 dant,
426 741 595 792 notari
640 741 882 793 convenit
927 741 979 792 K
1024 761 1135 793 esse
1183 743 1351 794 sinum

237 828 401 891 arcaS,
455 829 543 898 qui
605 833 780 892 restat,
834 822 877 881 si
933 831 1162 881 ascensio
1180 842 1352 884 <secta

239 921 409 974 Lunae
436 921 769 973 subtrahatur
794 922 860 973 ab
887 922 1184 974 ascensione
1211 924 1345 975 recta

239 1011 374 1063 Solis
383 1031 397 1073 3
426 1022 579 1081 atque
604 1012 641 1062 k
667 1030 777 1063 esse
797 1011 1027 1081 ejusdem
1049 1012 1196 1064 arcas
1217 1014 1350 1066 cosi-

234 1121 377 1154 num.
445 1104 709 1155 Ponamus
737 1105 963 1174 exempli
989 1105 1142 1156 causa
1174 1104 1349 1157 Solem

235 1193 290 1243 in
314 1193 461 1244 initio
489 1194 681 1245 Arietis
708 1194 917 1256 versari,
947 1195 1044 1245 erit
1075 1194 1350 1265 longitudo

237 1284 436 1336 Solis=
455 1282 525 1336 00.
545 1303 633 1335 seu
654 1284 794 1337 3600.
818 1296 868 1336 et
885 1284 1157 1355 lengitudo
1179 1286 1348 1337 Lunae

243 1393 294 1420 .·.-:.
323 1374 406 1425 vel
432 1371 538 1426 900.
569 1373 650 1424 vel
677 1372 817 1428 2700.
845 1373 984 1424 unde
1010 1373 1100 1425 fiet
1129 1374 1172 1425 F
1207 1395 1258 1421 =
1294 1383 1344 1437 0,

232 1460 1348 1534 f=l,G=-†-l,etg=0,atque

234 1551 287 1613 Q
309 1578 366 1595 =
395 1561 444 1604 0.
503 1553 766 1604 Praeterea
792 1555 1023 1604 ascensio
1051 1565 1191 1605 recta
1214 1555 1348 1607 Solis

231 1653 308 1694 est
348 1641 489 1694 3600.
532 1653 583 1693 et
620 1644 851 1694 ascensio
888 1654 1029 1695 recta
1062 1644 1230 1695 Lunae
1263 1643 1346 1695 vel

234 1733 339 1787 900.
366 1736 448 1786 vel
475 1741 542 1790 27
549 1734 648 1797 Οο.;
691 1746 914 1805 utroque
941 1754 1064 1787 casu
1090 1754 1216 1806 ergo
1242 1736 1302 1786 fit
1328 1736 1364 1785 k
1398 1761 1455 1779 =
1488 1744 1553 1797 03
1594 1734 1734 1786 unde
1760 1735 1913 1787 etiam
1938 1736 2114 1804 prodit
2140 1736 2194 1787 N
2227 1761 2283 1779 =
2318 1744 2385 1797 03

232 1828 373 1896 quod
411 1827 551 1879 idem
588 1829 772 1891 evenit,
816 1828 858 1879 si
899 1828 990 1881 Sol
1027 1838 1258 1880 versetur
1297 1828 1351 1878 in
1389 1828 1534 1879 initio
1576 1827 1770 1879 Librae.
1849 1827 1913 1878 In
1958 1837 2179 1897 utroque
2229 1828 2386 1898 igitur

233 1917 563 1986 aequinoctio,
594 1918 720 1969 dum
747 1918 902 1970 Luna
928 1919 982 1969 in
1011 1918 1339 1989 quadraturis
1365 1929 1615 1981 versatur,
1657 1938 1791 1988 aqua
1817 1917 2041 1970 maxime
2068 1919 2165 1970 erit
2190 1918 2385 1970 elevata

231 2027 293 2059 eo
316 2009 430 2077 ipso
455 2019 733 2073 momento,
765 2028 869 2081 quo
897 2010 1051 2061 Luna
1077 2010 1144 2062 ad
1169 2010 1514 2062 meridianum
1540 2009 1768 2079 appellit.

305 2105 342 2167 §2
372 2108 457 2153 66.
502 2102 580 2154 Sit
605 2100 764 2170 porro
794 2101 885 2154 Sol
910 2101 963 2152 in
990 2102 1208 2154 solstitio
1234 2102 1431 2164 aestivo,
1461 2102 1615 2153 Luna
1638 2100 1763 2153 vero
1788 2102 1842 2152 in
1868 2100 2051 2152 ultimo
2079 2100 2381 2171 quadrante,

232 2189 331 2241 erit
354 2190 628 2262 longitudo
661 2192 796 2244 Solis
825 2190 930 2245 900.
960 2192 1129 2244 Lunae
1155 2192 1280 2244 νει-ὸ
1310 2214 1361 2240 =
1392 2190 1460 2245 00.
1488 2192 1629 2243 unde
1653 2192 1714 2243 fit
1740 2192 1784 2243 F
1810 2213 1861 2239 =
1890 2199 1937 2255 1,
1958 2191 1986 2243 f
2003 2213 2053 2239 =
2079 2201 2112 2244 0
2127 2212 2142 2253 ;
2175 2192 2228 2244 G
2254 2213 2302 2238 =
2331 2200 2380 2254 0,

229 2303 267 2353 g
299 2309 356 2327 =
392 2292 438 2348 1,
479 2286 703 2356 indeque
743 2286 796 2348 Q
830 2312 886 2330 =
923 2286 988 2338 M
1026 2296 1077 2337 et
1117 2287 1167 2338 R
1198 2313 1255 2331 =
1291 2295 1359 2351 03
1395 2287 1621 2356 itemque
1658 2304 1693 2355 q
1723 2310 1779 2329 =
1812 2303 1867 2336 m
1893 2295 1995 2337 etr
2026 2311 2083 2329 =
2122 2292 2167 2336 1.
2247 2283 2382 2336 Solis

229 2373 354 2425 vero
393 2377 624 2428 ascensio
664 2387 804 2428 recta
840 2376 1117 2428 habebitur
1154 2375 1259 2431 900.
1301 2378 1470 2429 Lunae
1509 2375 1633 2429 vero
1669 2398 1720 2424 =
1754 2374 1823 2429 00.
1851 2393 1918 2428 ex
1954 2395 2057 2446 quo
2097 2376 2151 2428 K
2185 2401 2241 2420 =
2278 2382 2300 2426 1
2334 2385 2385 2427 et

1177 2487 1230 2518 m
1254 2468 1319 2520 M
1339 2469 1383 2520 P

1110 2551 1452 2623 ffl—map

234 2653 310 2695 est
348 2643 623 2714 longitudo
662 2643 831 2695 Lunae
874 2643 1011 2696 1800.
1051 2643 1190 2695 unde
1218 2643 1270 2694 G
1296 2667 1354 2687 =
1380 2651 1431 2705 Ο,
1472 2661 1508 2713 g
1541 2666 1600 2688 =
1636 2672 1709 2682 ——
1738 2649 1784 2705 1,
1832 2651 1886 2693 at
1921 2652 1980 2693 ut
2016 2639 2136 2693 ante
2177 2640 2220 2691 F
2244 2662 2301 2683 =
2332 2646 2379 2695 1.

273 2758 330 2777 =
359 2743 421 2797 03
462 2753 588 2805 ergo
629 2735 683 2796 Q
718 2759 774 2781 =
816 2734 897 2798 M,
942 2735 993 2786 R
1030 2759 1087 2779 =
1126 2742 1176 2797 0,
1217 2734 1442 2803 itemque
1479 2751 1671 2802 q=m
1706 2742 1889 2784 etr=
1922 2739 1967 2783 1.
2049 2729 2186 2783 Cam
2225 2729 2383 2800 igitur

231 2825 401 2876 Lunae
438 2825 670 2876 ascensio
705 2835 845 2876 recta
879 2826 944 2877 sit
986 2823 1122 2877 1800.
1163 2824 1260 2875 erit
1301 2823 1354 2875 K
1390 2848 1448 2868 =
1475 2823 1569 2875 sin.
1597 2855 1669 2863 —-
1694 2821 1797 2877 900.
1824 2847 1881 2868 =
1908 2853 1980 2863 —
2008 2828 2055 2885 1,
2099 2831 2150 2873 et
2185 2821 2222 2872 k
2244 2845 2301 2867 =
2328 2829 2378 2882 O,

816 2947 890 2956 —
904 2935 957 2966 m
976 2916 1041 2967 M
1065 2916 1109 2967 P

796 2999 1134 3069 ffl—map

229 3090 283 3140 in
322 3090 540 3142 solstitio
577 3090 755 3141 aestivo
791 3099 1026 3141 versatur
1062 3090 1290 3142 maxima
1327 3108 1476 3160 aquae
1514 3089 1731 3141 elevatio
1766 3089 1821 3139 in
1858 3085 2037 3139 ultima
2064 3083 2378 3155 quadratura

232 3183 498 3253 continget
534 3193 652 3251 post
691 3183 861 3233 Lunae
900 3181 1174 3233 transitum
1214 3200 1309 3250 per
1345 3180 1687 3232 meridianum
1728 3197 1882 3248 supra
1920 3177 2158 3239 Terram,
2205 3176 2379 3244 priore

231 3268 353 3319 vero
379 3269 692 3338 quadratura
719 3281 838 3323 ante
863 3270 1005 3322 hunc
1030 3271 1319 3333 transitum,
1347 3271 1565 3339 haecque
1591 3268 1815 3339 aequatio
1840 3266 1902 3319 eo
1929 3266 2026 3317 erit
2050 3266 2231 3334 major,
2272 3263 2377 3334 qua

231 3360 392 3426 major
433 3359 589 3412 fuerit
627 3361 845 3413 elevatio
884 3361 993 3429 poli
1011 3380 1025 3423 ;
1081 3361 1177 3412 sub
1217 3371 1481 3430 aequatore
1520 3359 1659 3412 enim
1698 3359 1910 3410 omnino
1950 3356 2221 3409 evanescit.
2301 3355 2380 3407 Sit

230 3478 338 3547 poli
365 3479 581 3532 elevatio
607 3482 711 3535 45⁰.
740 3483 932 3552 fietque
963 3482 1045 3533 his
1069 3482 1368 3553 regionibus
1408 3483 1461 3534 N
1484 3504 1540 3525 =
1566 3485 1620 3547 ss
1645 3542 1677 3584 4
1696 3449 1840 3585 B—lhlrlll
1857 3533 1877 3562 2

230 2498 267 2548 k
298 2523 354 2541 =
390 2507 440 2550 0.
520 2499 666 2551 Hinc
694 2518 821 2571 ergo
847 2500 907 2553 fit
933 2500 987 2551 N
1019 2513 1088 2543 =²

1547 2499 1653 2551 Pro
1676 2497 1843 2568 prima
1870 2509 2041 2550 autem
2067 2495 2383 2568 quadratura

230 2966 296 2998 ex
324 2946 510 3016 quibus
538 2947 596 2998 fit
624 2946 759 3013 N,=
1138 2986 1148 2999 .
1228 2946 1492 3009 Quoniam
1517 2955 1689 2997 autem
1716 2956 1794 2998 est
1817 2952 1849 2996 4
1888 2944 1948 3007 >
1976 2963 2030 2995 m
2053 2942 2088 3006 2,
2129 2942 2254 2993 dum
2289 2941 2381 2995 Sol

1895 3499 1909 3542 3
1961 3498 2120 3550 quare
2158 3476 2277 3529 cum
2315 3477 2378 3530 sit

234 3621 299 3673 M
337 3621 476 3673 sinus
505 3623 609 3676 230.
640 3628 740 3679 29’.
767 3627 1001 3695 prodibit
1035 3628 1088 3680 N
1112 3650 1170 3671 =
1196 3627 1331 3680 sinui
1365 3626 1542 3697 anguli
1569 3624 1635 3679 60.
1665 3628 1766 3679 33'.
1782 3646 1797 3689 3
1836 3626 1924 3696 qui
1948 3625 2002 3677 in
2027 3635 2229 3694 tempus
2256 3642 2379 3675 con-

231 3729 408 3762 versus
436 3711 526 3762 dat
552 3715 653 3764 26’.
730 3715 793 3765 Iu
829 3715 998 3784 prima
1039 3717 1198 3788 igitur
1235 3714 1546 3787 quadratura
1574 3715 1790 3767 totidem
1813 3714 2024 3766 minutis
2052 3723 2170 3765 ante
2195 3710 2379 3763 transi-

232 3812 341 3852 tum
371 3802 538 3853 Lunae
563 3821 658 3871 per
685 3804 1031 3857 meridianum
1059 3825 1194 3876 aqua
1217 3805 1445 3858 maxima
1471 3806 1568 3858 erit
1593 3805 1803 3867 elevata,
1831 3805 1886 3855 in
1910 3802 2088 3855 ultima
2109 3800 2233 3854 vero
2252 3820 2379 3870 qua·
