2528 4172
178 284 309 337 CAP.
338 282 410 346 L]
794 279 902 332 AD
941 277 1310 332 TERTIUM
1352 277 1681 332 LIBRUM.
2246 278 2304 328 xi

174 427 376 479 Cancer
412 435 486 489 25,
527 425 638 477 Leo
672 426 743 485 ὀὶ,
772 423 937 494 Virgo
966 429 1037 474 mz.
1133 424 1239 476 Sex
1277 423 1431 474 etiam
1466 423 1708 474 australia
1751 420 1989 474 videlicet
2027 420 2190 472 Libra
2228 433 2301 483 st,
2350 432 2358 442 ·

173 518 419 586 Scorpius
480 525 551 579 m,
620 513 924 585 Sagittarius
996 514 1058 575 ‡‚
1115 513 1465 581 Capricornus
1531 519 1580 565 ἃ
1644 512 1726 563 vel
1785 517 1859 576 16²,
1915 511 2178 583 Aquarius
2228 520 2304 574 ἐπ’,

173 609 350 662 Pisces
392 616 456 659 δε.
532 605 700 668 Aries,
744 605 950 657 Taurus
989 623 1048 655 ac
1077 603 1303 666 Gemini,
1344 621 1460 673 quae
1485 603 1619 655 inter
1654 612 1906 672 punctum
1944 601 2304 672 aequinoctiale

170 690 454 750 vernum'et
477 703 728 764 punctum
756 692 1017 744 solstitiale
1043 692 1279 743 aestivum
1306 692 1634 744 continentur
1659 692 1917 755 dicuntur,
1946 692 2095 762 signa
2118 709 2302 743 verna-

171 786 271 847 lia3
313 766 530 845 Cancer,
568 781 696 843 LeO,
740 780 905 851 Virgo
939 799 970 832 a
1003 780 1256 832 solstitiali
1297 780 1481 832 aestivo
1518 781 1587 832 ad
1619 781 1974 850 aequinoctiale
2012 780 2308 832 autumnale

142 883 440 929 numerata
472 871 763 941 apellantur
795 871 1002 932 aestiva3
1049 871 1228 933 Libra,
1273 870 1517 940 Scorpius
1545 880 1597 921 et
1625 870 1932 941 Sagittarius
1958 870 2306 931 autumnalia3

172 964 535 1033 Capricornus,
579 960 840 1030 Aquarius
878 969 929 1012 et
966 959 1158 1023 Pisces,
1186 959 1435 1029 hyberna.
1513 960 1675 1030 Signa
1699 960 2029 1011 ascendentia
2055 981 2086 1012 a
2108 970 2303 1028 puncto

170 1052 423 1109 solstitiali
459 1051 695 1123 hyberno
731 1050 798 1101 ad
835 1050 1085 1114 aestivum,
1131 1049 1495 1102 descendentia
1526 1048 1651 1101 vero
1677 1068 1708 1100 a
1733 1048 1987 1100 solstitiali
2024 1050 2203 1101 aestivo
2239 1049 2307 1101 ad

167 1144 460 1215 hybernum
485 1149 865 1210 computantur.

239 1242 291 1287 5.
332 1234 565 1286 zodiacus
601 1242 679 1284 est
703 1232 922 1301 sphaerae
950 1232 1170 1284 coelestis
1207 1233 1378 1301 portio
1404 1252 1495 1284 seu
1522 1251 1652 1284 zona
1677 1232 1881 1285 duobus
1909 1232 2113 1285 circulis
2149 1233 2307 1302 eclip-

167 1325 285 1377 ticae
308 1322 567 1393 parallelis
604 1332 655 1375 et
690 1322 937 1394 gradibus
965 1330 995 1375 8
1024 1322 1105 1374 vel
1132 1330 1162 1375 9
1193 1323 1319 1375 hinc
1353 1320 1473 1374 inde
1509 1324 1574 1374 ab
1606 1322 1844 1392 ecliptica
1872 1323 2176 1375 distantibus
2203 1332 2308 1374 ter-

168 1415 378 1477 minata,
417 1413 511 1465 sub
537 1411 637 1482 qua
663 1412 884 1481 planetae
910 1430 1089 1463 omnes
1115 1421 1286 1464 motus
1314 1431 1432 1464 suos
1460 1412 1749 1464 absolvunt.
1827 1414 1976 1465 Dum
2001 1413 2214 1482 planeta
2240 1413 2305 1464 ab

171 1523 357 1557 occasu
381 1503 436 1555 in
462 1512 633 1555 ortum
659 1521 750 1553 seu
777 1502 1061 1554 secundum
1086 1502 1324 1554 ordinem
1361 1503 1645 1573 signorum,
1686 1513 1774 1555 aut
1801 1503 1942 1573 quod
1967 1503 2108 1554 idem
2135 1513 2300 1567 sonat,

143 1652 148 1655 ,
169 1594 224 1646 in
249 1593 397 1664 signa
421 1591 786 1661 consequentia
808 1591 1053 1642 nimirum
1068 1591 1134 1642 ab
1155 1591 1334 1664 Ariete
1350 1592 1417 1643 ad
1434 1591 1686 1655 Taurum,
1706 1612 1736 1643 a
1752 1592 1932 1644 Tauro
1949 1593 2016 1643 ad
2035 1592 2305 1657 Geminos,

171 1686 285 1745 &c.,
325 1691 470 1732 motu
505 1681 719 1750 proprio
755 1681 933 1744 fertur,
979 1681 1066 1732 ille
1100 1681 1309 1749 planeta
1352 1692 1476 1734 tunc
1512 1683 1759 1751 temporis
1798 1683 2023 1734 directus
2062 1693 2306 1745 vocatur3

172 1772 290 1827 cum
326 1772 487 1842 ipsius
523 1781 694 1823 motus
730 1772 972 1841 proprius
1011 1790 1212 1839 cessare
1250 1771 1471 1836 videtur,
1513 1790 1605 1824 seu
1643 1772 1769 1823 dum
1801 1773 2008 1841 planeta
2043 1773 2097 1823 in
2123 1773 2309 1826 eodem

171 1862 287 1916 coeli
311 1869 506 1930 puncto
531 1861 725 1911 morari
760 1879 855 1929 per
880 1861 1076 1930 aliquot
1101 1860 1211 1912 dies
1240 1860 1485 1923 cernitur,
1527 1861 1769 1912 eumdem
1796 1862 1949 1913 situm
1977 1861 2200 1912 fixarum
2226 1880 2308 1913 re-

170 1961 349 2022 spectu
389 1969 612 2013 servanS,
653 1950 977 2002 stationarius
1016 1950 1235 2013 dicitur3
1276 1950 1610 2022 retrogradus
1647 1950 1858 2002 tandem
1896 1951 2187 2020 appellatur
2218 1953 2309 2003 ubi

171 2040 351 2094 contra
376 2041 640 2112 signorum
666 2040 901 2093 ordinem
927 2060 1017 2093 seu
1042 2041 1096 2092 in
1122 2041 1495 2104 antecedentia,
1523 2050 1582 2093 ut
1607 2059 1638 2091 a
1664 2040 1845 2092 Tauro
1870 2040 1938 2091 ad
1966 2041 2214 2105 Arietem,
2243 2042 2309 2093 ab

115 2196 121 2203 ί
174 2133 354 2186 Ariete
380 2132 447 2183 ad
476 2132 669 2193 PisceS‚
698 2132 792 2183 διο.
819 2132 1032 2200 proprio
1058 2141 1204 2183 motu
1229 2132 1435 2184 incedit.

242 2228 292 2273 6.
333 2220 487 2271 Luna
512 2228 563 2271 et
592 2218 683 2272 Sol
709 2227 830 2271 sunt
855 2237 1059 2287 semper
1084 2219 1300 2282 directi3
1339 2229 1391 2271 at
1416 2219 1590 2271 caeteri
1615 2218 1838 2288 planetae
1864 2229 1974 2272 tum
2002 2221 2308 2290 superiores,

170 2310 424 2374 videlicet,
466 2311 735 2374 SaturnUS,
776 2310 981 2379 Jupiter
1007 2319 1058 2363 et
1086 2310 1250 2374 MarS,
1291 2320 1402 2362 tum
1429 2311 1716 2374 inferiores,
1755 2312 2017 2375 nimirum,
2054 2313 2234 2364 Venus
2262 2323 2312 2365 et

174 2398 486 2461 Mercurius,
552 2397 734 2462 directi
783 2396 972 2450 deinde
1030 2398 1316 2450 stationarii
1378 2407 1432 2449 et
1480 2397 1663 2466 postea
1712 2399 2004 2470 retrogradi
2052 2400 2310 2452 videntur.

173 2488 374 2540 Eorum
409 2497 645 2557 tempora
678 2487 945 2557 periodica
984 2487 1172 2558 quibus
1198 2496 1366 2539 totum
1394 2486 1665 2538 zodiacum
1691 2488 1744 2538 in
1772 2478 2139 2557 consequentia
2163 2508 2314 2558 pera-

170 2588 339 2650 grant,
379 2588 498 2631 sunt
532 2580 822 2650 inaequalia.
898 2579 1039 2630 Nam
1080 2579 1332 2632 Saturnus
1363 2586 1429 2630 30
1457 2578 1661 2629 circiter
1687 2578 1832 2629 annis
1858 2578 2133 2647 periodum
2168 2598 2312 2631 suam

171 2669 415 2732 absolvit3
453 2670 657 2739 Jupiter
683 2670 830 2721 annis
855 2669 1060 2721 circiter
1089 2675 1172 2732 12,
1215 2669 1364 2721 Mars
1391 2669 1539 2720 annis
1566 2669 1771 2720 duobus
1798 2668 1921 2732 fere,
1953 2670 2106 2721 Luna
2131 2671 2312 2723 diebus

173 2763 239 2812 27
278 2767 329 2809 et
362 2756 503 2810 horis
543 2763 573 2813 7
612 2758 829 2822 circiter,
870 2757 1050 2809 Venus
1086 2766 1258 2808 autem
1296 2767 1348 2808 et
1387 2756 1684 2808 Mercurius
1712 2775 1831 2808 cum
1863 2757 1984 2809 Sole
2010 2777 2149 2809 anno
2187 2778 2309 2811 uno.

173 2844 311 2897 Nam
334 2845 390 2896 hi
416 2846 521 2898 duo
544 2846 769 2916 planetae
799 2846 974 2899 Solem
998 2846 1071 2899 ita
1095 2856 1394 2899 constanter
1420 2847 1731 2898 comitantur
1757 2857 1814 2898 ut
1840 2848 2018 2899 Venus
2044 2866 2313 2918 nunquam

173 2935 308 2986 ultra
333 2941 401 2992 47
424 2937 628 2990 circiter
652 2936 862 3008 gradUS,
880 2955 978 2989 nec
1005 2935 1303 2989 Mercurius
1327 2934 1464 2988 ultra
1492 2943 1557 2988 28
1580 2957 1610 2987 a
1633 2936 1754 2989 Sole
1771 2937 2107 3008 digrediatur,
2136 2937 2191 2987 id
2217 2946 2311 3001 est,

173 3024 393 3095 angulus
419 3025 676 3078 maximus
704 3026 800 3078 sub
827 3045 930 3097 quo
956 3026 1200 3078 distantia
1224 3025 1444 3078 Veneris
1478 3036 1568 3079 aut
1602 3026 1856 3079 Mercurii
1881 3047 1912 3078 a
1941 3028 2061 3080 Sole
2087 3047 2115 3079 e
2143 3027 2312 3079 Terra

174 3113 502 3181 conspicitur,
530 3114 724 3185 gradus
750 3119 819 3169 47
844 3114 927 3166 vel
954 3121 1020 3166 28
1046 3133 1314 3184 nunquam
1340 3125 1564 3184 superat.

247 3203 295 3254 7.
351 3201 540 3253 Circuli
582 3203 945 3266 declinationis,
986 3222 1076 3255 seu
1112 3205 1287 3254 circuli
1321 3206 1533 3268 horarii,
1579 3216 1698 3258 sunt
1742 3207 1920 3259 circuli
1962 3205 2175 3257 maximi
2217 3225 2312 3275 per

178 3287 357 3338 mundi
390 3286 539 3358 polos
577 3289 899 3342 transeuntes
937 3300 989 3366 et
1023 3291 1244 3360 proinde
1282 3294 1532 3362 aequatori
1568 3295 2037 3363 perpendiculares.
2116 3295 2312 3348 Sideris

177 3373 260 3425 vel
295 3378 472 3455 puncti
507 3369 781 3448 cujuslibet
814 3379 869 3430 in
907 3378 1111 3448 sphaera
1144 3379 1407 3432 mundana
1435 3384 1702 3434 declinatio
1728 3392 1805 3434 est
1831 3402 1979 3435 arcus
2008 3384 2186 3435 circuli
2223 3385 2312 3436 de-

178 3459 464 3545 clinationis
507 3466 641 3518 inter
686 3467 829 3519 sidus
874 3468 956 3519 vel
999 3468 1176 3519 datum
1220 3480 1475 3538 punctum
1524 3482 1576 3523 et
1619 3482 1935 3541 aequatorem
1979 3473 2309 3542 interceptus·

105 3573 109 3577 “
178 3548 412 3602 Ascensio
452 3562 586 3605 recta
630 3555 810 3607 sideris
854 3567 932 3608 est
970 3575 1120 3609 arcus
1158 3560 1433 3627 aequatoris
1471 3559 1605 3609 inter
1647 3571 1898 3627 punctum
1949 3561 2308 3630 aequinoctiale

169 3655 386 3690 vernum
423 3648 475 3691 et
511 3641 759 3695 circulum
798 3644 1155 3697 declinationis
1200 3644 1380 3698 sideris
1406 3647 1542 3699 illius
1583 3648 1987 3717 comprehensus
2026 3670 2087 3702 ac
2125 3671 2306 3705 secun-

170 3726 296 3781 dum
322 3730 558 3783 ordinem
584 3732 848 3804 signorum
870 3745 1186 3789 numeratuS.
1267 3738 1458 3791 Circuli
1482 3742 1769 3794 latitudinis
1806 3740 2033 3794 siderum
2061 3754 2180 3796 sunt
2207 3745 2303 3797 cir-
