2528 4172
145 277 332 330 Lmn
357 273 657 340 Temnos]
733 271 1138 327 PRINCIPIA
1178 269 1799 324 MATHEMATICA.

2222 279 2289 324 39

146 419 399 473 distantiis
426 439 457 470 a
486 419 606 472 Sole
632 417 919 469 collocandi
945 427 1092 469 erant
1115 417 1356 486 planetae,
1385 426 1443 467 ut
1469 416 1685 486 quilibet
1708 433 1807 484 pro
1831 412 1999 485 gradu
2026 412 2294 466 densitatis

146 511 316 563 calore
356 511 489 563 Solis
515 511 709 578 majore
734 509 816 560 vel
848 509 1050 559 minore
1075 507 1349 558 frueretur.

1428 507 1585 575 Aqua
1610 516 1805 568 nostra,
1834 505 1876 555 si
1902 504 2073 556 Terra
2096 503 2294 555 locare-

150 613 236 653 tur
273 602 327 652 in
352 601 478 652 orbe
519 600 747 661 Saturni,
788 599 1099 669 rigesceret3
1140 598 1182 649 si
1220 598 1274 647 in
1313 597 1438 647 orbe
1478 596 1750 659 Mercurii,
1792 597 1845 646 in
1880 614 2097 664 vapores
2124 596 2296 646 statim

145 689 325 742 abiret.

402 688 539 740 Nam
575 688 669 738 lux
711 686 862 749 Solis,
903 687 986 738 cui
1012 686 1153 737 calor
1177 685 1580 754 proportionalis
1608 694 1700 747 est,
1732 685 1792 753 (⁰)
1822 684 2062 753 septuplo
2088 684 2298 735 densior

146 791 224 833 est
248 781 301 831 in
344 779 470 830 orbe
518 778 774 830 Mercurii
818 776 974 847 quam
1013 777 1154 846 apud
1197 796 1324 828 nos:
1383 786 1435 827 et
1477 775 1854 827 thermometro
1895 786 2141 845 expertus
2182 794 2297 826 sum

147 870 286 941 quod
307 869 546 938 septuplo
568 867 702 920 Solis
721 867 883 919 aestivi
903 866 1074 918 calore
1094 886 1228 936 aqua
1253 865 1450 920 ebullit.

1527 865 1768 917 Dubium
1792 865 1917 916 vere
1942 884 2048 915 non
2075 875 2152 932 est
2171 864 2297 934 quin

146 958 361 1010 materia
388 956 643 1009 Mercurii
668 955 735 1006 ad
765 956 993 1007 calorem
1019 954 1459 1016 accommodetur,
1489 963 1541 1004 et
1564 964 1845 1022 propterea
1870 953 2080 1004 densior
2107 953 2173 1004 sit
2197 951 2298 1003 hac

147 1046 353 1108 nostr5i3
395 1044 514 1097 cum
551 1044 768 1096 materia
804 1045 972 1096 omnis
1012 1044 1222 1096 densior
1261 1043 1329 1095 ad
1366 1042 1695 1112 operationes
1733 1043 1994 1095 naturales
2032 1042 2299 1094 obeundas

146 1137 394 1205 majorem
421 1134 646 1186 calorem
671 1133 914 1203 requirat.

204 1367 260 1420 (⁰)
284 1370 304 1391 *⁵
328 1370 499 1418 Septuplo
520 1370 667 1406 densior
685 1376 749 1407 est.
801 1369 906 1407 Nam
924 1371 1006 1421 (14.
1027 1369 1116 1409 Lib.
1137 1370 1195 1420 1.)

151 1422 319 1459 densitas
346 1421 444 1458 lucis
470 1421 654 1459 decrescit
673 1422 712 1459 in
731 1423 876 1460 ratione
895 1423 1092 1472 duplicata
1117 1423 1197 1461 dis-

151 1475 360 1512 tantiarum
393 1488 417 1512 a
451 1474 553 1520 Sole,
587 1474 653 1512 sed
686 1476 844 1527 (Phaen.
882 1476 982 1525 IV.)
1018 1476 1198 1515 distantia

154 1528 286 1566 Terrae
312 1534 370 1565 est
397 1526 446 1565 ad
475 1527 695 1565 distantiam
725 1530 915 1566 Mercurii
941 1538 986 1566 ut
1018 1534 1122 1568 1000
1149 1530 1198 1568 ad

155 1585 245 1619 387.
264 1580 451 1628 proxime.
504 1581 578 1619 Est
596 1581 714 1631 igitur
726 1582 893 1620 densitas
912 1582 1009 1621 lucis
1027 1584 1068 1620 in
1090 1585 1199 1621 Mer-

154 1633 252 1672 curii
277 1633 328 1671 ad
355 1633 585 1672 densitatem
612 1635 710 1673 lucis
735 1636 773 1672 in
800 1635 923 1673 Terre
942 1645 986 1673 ut
1017 1641 1200 1675 1000000

153 1686 204 1778 ag
233 1690 387 1727 149769
415 1700 483 1725 seu
508 1696 554 1725 ut
580 1692 669 1733 6,68
696 1688 746 1727 ad
776 1693 807 1734 1,
837 1690 910 1727 hoc
930 1697 987 1727 est
1010 1689 1090 1728 fere
1111 1699 1155 1729 ut
1174 1694 1197 1729 7

154 1753 176 1779 a
228 1746 260 1778 1.

210 1797 232 1818 ²*
275 1793 400 1832 Addit
438 1795 678 1833 Newtonus:
732 1799 993 1835 thermometro
1031 1805 1201 1847 expertus

154 1861 242 1887 sum
269 1850 369 1898 quod
395 1850 561 1898 septuplo
591 1851 682 1887 Solis
700 1852 819 1888 oestivi
838 1853 957 1889 calore
975 1865 1077 1901 aqua
1097 1854 1200 1889 ebul-

154 1903 222 1940 lit.-
253 1901 336 1939 haec
365 1901 546 1939 videntur
577 1903 710 1939 referri
739 1904 788 1941 ad
813 1913 854 1938 n.
889 1907 978 1942 270.
1012 1904 1201 1942 Transac-

155 1954 309 1992 tionum
344 1954 717 2003 Philosophicarum,
755 1957 822 2006 qui
855 1958 1027 1995 continet
1058 1958 1201 1995 scalam

158 2007 207 2045 de
226 2007 362 2045 caloris
380 2008 576 2058 gradibus,
597 2008 797 2060 ingeniose
817 2024 907 2047 sane
927 2018 1199 2054 constructam,

158 2062 270 2112 cujus
295 2062 433 2099 author
456 2074 536 2099 non
563 2063 776 2101 indicatur:
821 2068 847 2088 “
870 2065 1101 2102 Constructa
1128 2064 1204 2102 fuit

158 2119 187 2139 ‘⁶
205 2115 288 2151 haec
310 2114 462 2152 Tabula
479 2127 552 2163 ope
580 2116 844 2154 thermometri
864 2125 902 2154 et
919 2117 1012 2154 ferri
1034 2117 1202 2155 canden-

161 2173 188 2192 “
206 2168 268 2205 tis.
316 2168 393 2205 Per
410 2169 728 2207 thermometrum
749 2182 796 2206 ex
815 2171 899 2208 oleo
918 2170 988 2207 lini
1007 2179 1202 2208 construc-

162 2226 188 2245 “
207 2229 292 2259 tum
310 2220 440 2258 inveni
470 2221 615 2273 (inquit
633 2222 789 2272 author)
811 2223 914 2273 quod
934 2224 964 2260 si
985 2224 1116 2261 oleum
1135 2224 1204 2261 ubi

163 2278 189 2298 “
210 2275 481 2313 thermometer
517 2275 558 2311 in
594 2276 683 2313 nive
726 2276 960 2326 liquescente
1006 2278 1204 2315 Iocabatur

163 2331 189 2352 “
210 2329 434 2378 (computus
448 2327 551 2366 enim
570 2328 611 2365 in
631 2330 701 2366 hac
720 2330 872 2368 Tabula
890 2330 1128 2369 inchoatura
1143 2343 1205 2368 ca-

165 2385 191 2405 “
209 2380 290 2419 lore
308 2393 385 2431 quo
402 2394 504 2432 aqua
520 2381 656 2431 incipit
674 2382 860 2434 rigescere
878 2391 1061 2434 tanquam
1078 2386 1126 2421 ab
1145 2384 1206 2421 in-

164 2439 191 2459 “
209 2434 303 2472 fimo
330 2434 467 2472 caloris
494 2435 619 2486 gradu
645 2449 714 2473 seu
733 2437 933 2475 communi
958 2437 1123 2475 termino
1142 2451 1203 2475 ca-

161 2487 298 2525 “loris
330 2496 368 2526 et
397 2488 569 2539 frigoris)
600 2492 811 2538 occupabat
840 2490 1007 2540 spatium
1037 2491 1205 2539 partium

162 2545 189 2565 “
211 2545 341 2579 loooo
372 2541 477 2579 idem
509 2543 641 2580 oleum
678 2543 803 2581 calore
839 2544 1008 2593 corporis
1043 2545 1206 2582 humani

161 2598 188 2619 “
206 2594 437 2633 rarefactum
456 2598 668 2645 occupabat
686 2597 852 2646 spatium
877 2602 1003 2636 10256
1023 2607 1062 2635 et
1081 2598 1205 2636 calore

162 2652 188 2672 “
207 2660 319 2698 aquae
362 2648 526 2700 jamjam
570 2650 732 2688 ebullire
777 2650 994 2700 incipientis
1038 2652 1204 2700 spatium

162 2706 188 2725 “
213 2704 339 2740 10705
366 2709 405 2740 et
429 2702 555 2741 calore
579 2716 691 2754 aquae
718 2705 963 2742 vehementer
985 2705 1206 2742 ebullientis

162 2757 350 2801 “10725‚
379 2762 418 2793 et
445 2756 572 2794 calore
599 2757 726 2794 stanni
753 2757 949 2808 liquefacti
976 2759 1044 2795 ubi
1072 2757 1207 2806 incipit

162 2814 188 2832 ‘⁸
206 2807 392 2859 rigescere
425 2813 565 2856 11516,
593 2811 660 2848 &c-
680 2826 692 2857 ;
720 2811 923 2849 rarefactio
947 2812 1044 2849 a'e'ris
1065 2812 1206 2862 aequali

161 2865 188 2886 “
206 2864 330 2899 calore
349 2861 425 2900 fuit
443 2861 608 2912 decuplo
632 2864 755 2915 major
773 2862 892 2915 quem
911 2864 1111 2903 rarefactio
1130 2865 1206 2903 olei

163 2920 187 2939 ‘⁴
205 2915 312 2965 quasi
331 2915 551 2965 quindecim
571 2916 719 2955 vicibus
736 2919 859 2968 major
872 2916 989 2968 quem
1005 2919 1206 2956 rarefactio

162 2972 188 2992 “
206 2968 361 3017 spiritus
387 2968 479 3006 vini.
541 2970 597 3009 Et
615 2983 662 3007 ex
681 2971 741 3008 his
759 2971 924 3009 inventis
942 2972 1123 3021 ponendo
1142 2985 1203 3009 ca-

164 3025 188 3045 “
207 3022 308 3058 lores
334 3021 410 3060 olei
436 3021 560 3071 ipsius
577 3024 821 3062 rarefactioni
848 3025 1150 3073 proportionales
1168 3033 1207 3063 et

164 3079 189 3098 ‘⁶
206 3087 276 3123 pro
290 3074 416 3113 calore
430 3076 597 3125 corporis
615 3077 779 3115 humani
797 3078 998 3116 scribendo
1016 3087 1141 3127 partes
1160 3083 1206 3116 12

164 3132 189 3152 ‘⁶
208 3128 349 3176 prodiit
366 3128 470 3166 calor
487 3142 598 3180 aquae
617 3131 684 3169 ubi
703 3132 950 3169 vehementer
968 3132 1105 3170 ebullit
1123 3144 1209 3181 par-

164 3184 190 3204 “
208 3180 307 3218 tium
327 3181 424 3220 34.”
475 3183 526 3220 In
546 3182 681 3222 eadem
701 3193 833 3223 autem
855 3183 1011 3223 Tabula
1030 3185 1211 3234 ponendo

162 3233 328 3271 calorem
347 3236 515 3284 corporis
533 3237 695 3275 humani
717 3242 777 3281 12,
799 3238 910 3286 ponit
929 3239 1094 3276 calorem
1115 3239 1211 3276 a'eiris

163 3285 282 3323 aestivi
303 3292 340 3334 4,
364 3290 400 3334 5,
428 3289 489 3327 vel
514 3295 551 3329 6.
615 3291 747 3335 Quare
764 3292 938 3329 medium
960 3293 1206 3337 assumendo,

162 3346 221 3376 est
238 3346 283 3376 ut
301 3341 470 3392 quinque
488 3343 537 3381 ad
555 3348 607 3381 54
628 3345 705 3382 sive
725 3342 899 3393 proxime
919 3354 964 3383 ut
985 3350 1001 3383 1
1026 3347 1076 3383 ad
1097 3352 1132 3388 7,
1155 3346 1208 3383 ita

162 3391 267 3430 calor
293 3393 388 3431 a'eris
416 3396 536 3433 aestivi
564 3397 614 3434 ad
641 3397 807 3435 calorem
827 3411 938 3448 aquae
957 3398 1199 3437 ebullientis:

162 3444 231 3494 qui
256 3457 349 3496 ergo
367 3449 567 3496 septuplus
586 3458 642 3488 est
661 3451 797 3489 caloris
815 3451 912 3489 a'e'ris
930 3451 1052 3490 aestivi
1071 3465 1206 3490 secun-

165 3497 260 3535 dum
282 3507 474 3537 assertum.
490 3502 806 3542 Newtonianum.

221 3551 424 3600 Disputari
455 3561 586 3592 autem
615 3564 751 3604 posset,
780 3556 886 3609 quod
913 3557 1018 3596 calor
1048 3557 1212 3596 rarefac-

162 3603 260 3665 tioni
287 3605 364 3643 olei
391 3607 687 3655 proportionalis
704 3619 947 3660 supponatur
965 3613 1109 3662 absque
1129 3611 1211 3649 suf-

163 3656 308 3697 ficienti
336 3659 496 3708 ratione,
525 3667 565 3699 et
581 3661 688 3713 quod
705 3664 894 3704 terminus
911 3677 935 3703 a
952 3677 1031 3716 quo
1049 3664 1213 3703 rarefac-

1251 1370 1304 1408 tio
1324 1383 1369 1408 ea
1387 1369 1584 1408 numerari
1602 1370 1738 1419 incipit
1758 1369 1809 1423 (is
1827 1382 1968 1418 nempe
1987 1368 2130 1420 gradus
2148 1367 2303 1419 frigoris

1250 1436 1328 1474 quo
1357 1436 1458 1474 aqua
1484 1424 1623 1472 incipit
1649 1423 1856 1474 rigescere)
1880 1424 1930 1461 sit
1948 1423 1996 1461 ad
2023 1423 2224 1460 arbitrium
2243 1435 2304 1460 as-

1251 1486 1457 1526 sumptus;
1487 1476 1578 1514 cum
1608 1490 1653 1514 ea
1676 1478 1877 1515 rarefactio
1896 1476 2092 1514 numerari
2111 1475 2306 1513 debuisset

1252 1532 1300 1568 ab
1327 1530 1503 1567 absoluto
1530 1530 1687 1580 frigore,
1716 1543 1763 1567 eo
1791 1542 1930 1578 nempe
1949 1529 2102 1579 frigoris
2121 1536 2159 1566 et
2178 1529 2305 1578 gradu

1252 1596 1331 1633 quo
1347 1591 1473 1632 partes
1489 1583 1563 1621 olei
1580 1583 1729 1621 nullam
1744 1583 1965 1620 ulteriorem
1983 1583 2305 1630 compressionem

1253 1649 1323 1685 per
1342 1637 1419 1673 vim
1448 1637 1603 1687 frigoris
1630 1637 1707 1685 pati
1734 1644 1900 1685 possent,
1921 1635 1988 1685 qui
2008 1635 2153 1685 gradus
2171 1644 2228 1672 est
2246 1634 2306 1684 ig-

1253 1699 1396 1736 notus;
1430 1698 1469 1727 at
1496 1689 1615 1739 hujus
1644 1691 1680 1728 T
1682 1690 1816 1728 abellae
1835 1689 2082 1734 constructio,
2105 1687 2304 1738 ingeniose

1255 1740 1539 1781 demonstratur
1569 1745 1618 1781 ab
1651 1744 1787 1781 eodem
1821 1744 1971 1780 Autore
1999 1754 2068 1791 per
2094 1741 2185 1779 ferri
2215 1754 2307 1778 can-

1255 1796 1381 1834 dentis
1422 1797 1781 1847 refrigerat1011em;
1829 1797 1970 1834 locavit
2014 1795 2119 1833 enim
2160 1794 2308 1831 ferrum

1256 1850 1424 1888 candens
1452 1851 1494 1887 in
1522 1858 1637 1888 vento
1664 1849 1910 1888 uniformiter
1928 1849 2110 1897 spirante,
2141 1856 2186 1886 ut
2203 1848 2268 1885 a'er
2285 1860 2310 1885 a

1255 1904 1359 1941 ferro
1386 1903 1593 1941 calefactus
1621 1917 1771 1953 semper
1798 1904 2035 1952 abriperetur
2062 1916 2085 1939 a
2112 1908 2240 1946 vento,
2270 1908 2309 1939 et

1256 1957 1321 1995 aelr
1347 1957 1513 2008 frigidus
1539 1957 1582 1993 in
1610 1956 1740 1995 locum
1771 1957 1855 2008 ejus
1880 1955 2067 1993 uniformi
2087 1968 2180 1993 cum
2198 1962 2310 1992 motu

1258 2011 1489 2055 succederet,
1512 2011 1565 2047 sic
1584 2011 1688 2048 enim
1703 2011 1799 2048 a'eris
1818 2018 1945 2059 partes
1963 2009 2132 2060 aequales
2151 2007 2310 2059 aequali-

1258 2066 1332 2101 bus
1359 2065 1542 2113 temporis
1576 2064 1771 2102 calefactae
1791 2071 1883 2101 sunt
1904 2070 1942 2101 et
1960 2062 2229 2111 concipiebant
2247 2074 2311 2099 ca-

1260 2117 1381 2154 lorem
1409 2117 1524 2155 calori
1552 2118 1644 2155 ferri
1670 2118 2022 2166 proportionatam3
2053 2116 2143 2153 hinc
2162 2115 2195 2152 si
2213 2113 2311 2152 divi-

1261 2170 1373 2208 datur
1392 2178 1546 2218 tempus
1564 2171 1752 2222 refrigerii
1771 2171 1861 2208 ferri
1877 2170 1918 2207 in
1937 2169 2122 2208 instantia
2136 2167 2313 2219 aequalia,

1264 2224 1348 2267 erit,
1370 2232 1416 2261 ut
1434 2231 1538 2261 totus
1556 2225 1659 2261 calor
1677 2224 1768 2262 ferri
1787 2223 1899 2261 initio
1917 2223 2033 2272 primi
2052 2222 2241 2268 instantis,
2262 2220 2312 2259 ad

1260 2277 1425 2314 calorem
1453 2277 1618 2316 durante
1645 2291 1691 2315 eo
1716 2276 1874 2315 instanti
1893 2277 2104 2315 amissum:
2137 2275 2191 2313 sic
2209 2274 2314 2313 calor

1261 2329 1354 2367 ferri
1378 2330 1489 2367 initio
1516 2331 1677 2368 secundi
1695 2330 1873 2368 instantis
1891 2330 1941 2368 ad
1960 2330 2127 2367 calorem
2147 2329 2314 2366 durante

1262 2395 1310 2421 eo
1328 2383 1500 2421 secundo
1518 2385 1675 2422 instanti
1694 2385 1891 2430 amissum,
1909 2384 1979 2420 &c.
2003 2382 2169 2433 ideoque
2188 2382 2313 2432 finga-

1262 2444 1327 2474 tur
1345 2436 1488 2473 lineam
1508 2446 1651 2475 rectam
1671 2437 1763 2475 duci
1783 2437 1895 2487 cujus
1913 2436 2089 2474 abscissae
2109 2436 2314 2485 designent

1261 2496 1460 2538 tempora;
1486 2491 1672 2528 ordinatae
1700 2491 1741 2528 in
1766 2492 1947 2528 extremis
1965 2489 2141 2527 abscissis
2159 2490 2311 2539 erigan-

1260 2550 1338 2589 tur,
1368 2556 1455 2593 quae
1482 2543 1628 2582 calores
1654 2544 1745 2581 ferri
1774 2543 1940 2594 singulis
1957 2543 2167 2580 momentis
2185 2542 2314 2593 desig-

1260 2606 1380 2643 nent3
1410 2597 1638 2635 differentiae
1665 2610 1800 2635 earum
1829 2596 2096 2634 ordinatarum
2125 2603 2240 2633 erunt
2267 2596 2315 2632 iis

1260 2650 1354 2699 ipsis
1381 2650 1566 2688 ordinatis
1590 2649 1897 2701 proportionales
1927 2648 2175 2701 geometrice,
2204 2646 2314 2687 ide6-

1261 2717 1338 2754 que
1365 2716 1484 2742 curva
1508 2716 1577 2752 per
1594 2717 1730 2743 earum
1748 2704 2012 2742 ordinatarum
2032 2704 2193 2740 vertices
2210 2709 2315 2740 tran-

1262 2758 1364 2795 siens
1391 2758 1463 2795 erit
1489 2757 1770 2808 logarhhmica,
1801 2756 2060 2795 crescentibus
2092 2768 2186 2806 ergo
2215 2763 2314 2793 tem-

1261 2812 1419 2859 poribus
1448 2810 1699 2855 arithmetice,
1735 2810 1841 2849 calor
1868 2810 1959 2847 ferri
1984 2808 2219 2861 geometrice
2244 2808 2315 2846 de-

1261 2865 1398 2903 crescit
1431 2872 1471 2902 et
1501 2871 1703 2913 propterea
1733 2864 1909 2902 calorum
1940 2876 2075 2900 eorum
2107 2861 2316 2912 geometri-

1261 2931 1306 2955 ca
1325 2918 1422 2957 ratio
1440 2931 1508 2967 per
1526 2918 1851 2969 logarithmorum
1873 2916 2067 2955 Tabulam
2094 2915 2227 2953 haberi
2245 2927 2316 2964 po-

1260 2972 1362 3010 terit.

1338 3026 1431 3071 Quo
1468 3025 1680 3075 supposito,
1713 3025 1938 3075 imponebat
1970 3024 2099 3061 Autor
2134 3021 2315 3060 candenti

1262 3078 1366 3117 ferro
1385 3080 1594 3128 particulas
1612 3079 1853 3117 diversorum
1873 3077 2134 3121 metallorum,
2163 3084 2203 3114 et
2220 3075 2315 3113 alio-

1265 3144 1354 3170 rum
1382 3145 1589 3182 corporum
1617 3132 1875 3183 liquabilium,
1906 3138 1944 3168 et
1971 3129 2119 3167 notavit
2140 3136 2316 3177 tempora

1266 3186 1456 3238 refrigerii
1484 3185 1608 3224 donec
1636 3185 1835 3235 particulae
1859 3196 1994 3221 omnes
2021 3180 2162 3220 amissa
2186 3182 2316 3220 fluidi-

1268 3246 1347 3277 tate
1367 3240 1610 3291 rigescerent,
1631 3247 1669 3277 et
1690 3238 1846 3276 tandem
1866 3236 1970 3274 calor
1987 3236 2079 3273 ferri
2098 3243 2317 3286 aequaretur

1262 3293 1383 3331 calori
1405 3293 1574 3342 corporis
1592 3291 1755 3330 humani
1773 3305 1784 3337 3
1804 3291 1895 3327 hinc
1914 3289 2059 3327 calores
2076 3301 2211 3326 omnes
2229 3290 2315 3340 qui-

1261 3347 1335 3384 bus
1354 3359 1452 3393 cera,
1473 3346 1730 3387 bismuthum,
1764 3351 1972 3387 stamnum,
2007 3342 2226 3391 plumbum,
2254 3356 2313 3380 re·

1263 3399 1385 3450 gulus
1403 3399 1519 3445 stibii,
1540 3410 1752 3447 eorumque
1766 3396 1880 3434 variae
1894 3396 2063 3433 miscelae
2082 3395 2312 3446 liquescunt,

1263 3452 1481 3497 innotuere,
1503 3452 1582 3488 sive
1596 3463 1732 3489 eorum
1746 3450 1990 3500 geometricae
2005 3450 2184 3495 rationes,
2200 3447 2312 3487 cum-

1265 3518 1343 3556 que
1372 3506 1517 3543 calores
1543 3505 1598 3542 ita
1624 3504 1771 3541 inventi
1790 3502 1966 3541 eamdem
1986 3503 2190 3540 habuerint
2215 3503 2317 3539 inter

1265 3571 1307 3595 se
1339 3559 1528 3596 rationem
1562 3568 1653 3594 cum
1686 3556 1876 3594 caloribus
1900 3560 1969 3605 p'er
1992 3557 2315 3594 thermometrum

1266 3611 1446 3655 inventis,
1476 3617 1679 3659 propterea
1699 3608 1803 3647 recte
1827 3617 2071 3658 assumptum
2098 3609 2186 3654 fuit,
2213 3621 2314 3645 rare-

1266 3664 1454 3703 factiones
1471 3664 1547 3704 olei
1565 3662 1659 3714 ipsis
1675 3662 1868 3702 caloribus
1886 3664 1967 3701 esse
1985 3661 2298 3713 proportionales.
