2528 4172
126 282 311 337 LIBER
332 281 634 348 Telemus]
712 281 1116 337 PRINCIPIA
1156 281 1778 335 MATHEMATICA.

459 541 1927 629 PROPOSITIONES.

1052 780 1327 797 mmm

598 955 1075 1012 PROPOSITIO
1116 956 1158 1012 Ι.
1236 954 1692 1014 THEOREMA
1731 955 1776 1008 Ι.

116 1115 273 1178 Vires,
315 1114 487 1184 quibus
517 1116 745 1181 planetae
782 1113 1169 1181 circumjoviales
1195 1120 1441 1179 perpetuo
1465 1111 1796 1163 retrahuntur
1821 1131 1854 1162 a
1880 1111 2085 1163 motibus
2110 1114 2260 1165 recti-

177 1206 326 1257 lineis
359 1213 406 1256 et
443 1206 497 1256 iu
531 1204 727 1256 orbibus
759 1205 860 1255 suis
888 1203 1184 1265 retinentur,
1221 1202 1466 1269 respicere
1491 1208 1709 1252 centrum
1746 1201 1905 1265 Jovis‚
1935 1210 1983 1253 et
2009 1221 2107 1254 csse
2131 1205 2259 1255 reci-

164 1292 322 1361 proce*
346 1302 401 1346 ut
425 1295 678 1363 quadrata
706 1295 1062 1347 distantiarum
1088 1294 1300 1343 locorum
1326 1291 1390 1342 ab
1419 1293 1585 1342 eodem
1611 1299 1796 1343 centro.

103 1443 174 1523 P
174 1484 315 1520 ΑΤΕΤ
349 1483 471 1536 pars
507 1465 653 1534 prior
688 1463 1058 1534 propositionis
1095 1481 1191 1532 per
1226 1462 1614 1532 phoenomenon
1650 1464 1898 1532 primum,
1939 1472 1992 1515 et
2016 1463 2256 1534 proposi-

100 1557 296 1609 tionem
333 1553 615 1606 secundam
652 1552 733 1605 vel
769 1552 976 1604 tertiam
1013 1551 1134 1603 libri
1170 1551 1354 1621 primi:
1396 1560 1448 1602 et
1483 1569 1605 1620 pars
1630 1550 1893 1619 posterior
1917 1569 2013 1620 per
2037 1551 2255 1620 phaeno-

45 1669 48 1673 ·
98 1664 289 1699 menon
331 1644 576 1715 primum,
620 1652 672 1695 et
715 1642 1046 1695 corollarium
1090 1650 1297 1694 sextum
1345 1641 1718 1712 propositionis
1770 1652 1971 1712 quartae
2023 1642 2255 1711 ejusdem

95 1736 232 1788 libri.

169 1827 322 1881 Idem
346 1825 578 1897 intellige
603 1824 669 1878 de
693 1825 913 1895 planetis
940 1824 1030 1895 qui
1058 1825 1342 1878 Saturnum
1369 1824 1701 1888 comitantur,
1740 1843 1836 1894 per
1865 1823 2254 1893 phaenomenon

97 1915 396 1971 secundum.

554 2106 1032 2172 PROPOSITIO
1071 2106 1146 2162 II.
1224 2104 1681 2158 THEOREMA
1720 2105 1795 2158 ΙΙ.

102 2262 260 2324 Vires,
291 2263 464 2329 quibus
475 2263 705 2346 planetae
719 2260 968 2327 primarii
983 2268 1229 2328 perpetuo
1254 2261 1585 2311 retrahuntur
1604 2277 1637 2309 a
1656 2259 1864 2310 motibus
1888 2260 2178 2323 rectilineis’,
2201 2269 2249 2312 et

162 2353 218 2402 iu
244 2350 441 2403 orbibus
475 2353 577 2403 suis
611 2352 911 2413 retinentur,
940 2352 1185 2418 respicere
1210 2351 1386 2412 Solem,
1425 2358 1473 2401 et
1506 2367 1606 2402 esse
1632 2347 1885 2417 reciproce
1909 2359 1965 2401 ut
1993 2352 2248 2417 quadrant

161 2440 518 2491 distantiarum
544 2440 608 2491 ab
634 2441 790 2507 ipsius
813 2447 996 2490 centro,

162 2592 313 2645 Patet
348 2610 468 2662 pars
505 2592 650 2661 prior
687 2591 1057 2661 propositionis
1095 2610 1191 2661 per
1228 2590 1615 2661 phaenomenon
1643 2591 1898 2662 quintum,
1929 2600 1981 2642 et
2004 2592 2244 2660 proposi-

90 2681 284 2732 tionem
322 2679 602 2731 secundam
641 2679 760 2730 libri
794 2680 979 2749 primi:
1020 2689 1072 2732 et
1108 2698 1231 2749 pars
1268 2679 1529 2748 posterior
1553 2698 1649 2749 per
1673 2678 2062 2748 phaenomenon
2089 2698 2242 2749 quar-

91 2779 216 2834 tum,
258 2780 311 2822 et
345 2770 763 2840 'propositionem
808 2780 1048 2841 quartam
1093 2770 1326 2840 ejusdem
1370 2770 1508 2823 libri.
1611 2770 2016 2823 Accuratissime
2069 2782 2240 2824 autem

92 2857 476 2911 demonstratur
513 2858 627 2910 haec
659 2878 781 2928 pars
814 2860 1185 2930 propositionis
1213 2861 1277 2929 (²²)
1305 2878 1401 2930 per
1427 2862 1656 2931 quictem
1683 2860 2023 2930 apheliorum.
2101 2862 2240 2913 Nam

141 3009 198 3062 (²)
220 3014 242 3036 ³*
266 3014 345 3051 Per
363 3014 528 3064 quietem
546 3013 795 3062 aplzeliorum.
858 3016 879 3036 ³*
905 3013 1133 3052 Astronomi

89 3071 218 3102 motus
261 3065 433 3104 coelestes
477 3065 671 3104 calculant
706 3065 910 3105 referendo
946 3074 1047 3105 astra
1082 3066 1134 3105 ad

88 3117 315 3169 eclipticam,
362 3119 477 3170 cujus
512 3119 672 3157 initium
707 3131 777 3168 per
821 3120 1133 3159 intersectionem

88 3172 292 3221 aequatorIS
318 3180 357 3211 et
383 3172 572 3222 eclipticas
604 3172 907 3221 determinatur3
937 3174 1006 3212 sed
1032 3173 1133 3212 illud

88 3222 244 3262 initium
261 3224 384 3263 fixum
405 3238 482 3264 non
503 3233 572 3272 est,
593 3236 632 3263 et
642 3233 796 3275 propter
814 3227 895 3265 axis
912 3228 1043 3265 Terrae
1057 3240 1132 3265 nu-

88 3275 274 3314 tationem
304 3279 522 3317 intersectio
553 3279 621 3316 illa
643 3280 686 3317 in
713 3280 980 3319 antecedentia
1011 3281 1133 3319 fertur

88 3333 136 3368 51
158 3329 309 3369 circiter
325 3332 503 3370 secundis
517 3332 671 3384 singulo
689 3345 805 3378 anno,
825 3334 916 3372 hinc
934 3334 1023 3371 fixae
1041 3334 1130 3372 toti-

88 3381 179 3420 dem
206 3384 385 3422 secundis
410 3386 590 3438 progredi
609 3386 800 3425 videntur.
862 3388 1029 3437 Aphelia
1047 3388 1130 3437 pla-

88 3442 267 3474 netarum
294 3436 409 3475 etiam
434 3440 615 3490 progredi
639 3439 818 3478 videntur
844 3449 1019 3490 respectu
1047 3442 1131 3492 ejus

88 3487 190 3528 initii
208 3489 406 3538 eclipticae‚
425 3492 669 3543 progreditur
686 3506 780 3545 ergo
798 3494 955 3545 singulo
973 3507 1087 3533 anno.

197 3543 413 3594 Aphelium
431 3545 561 3583 Terrae
741 3572 756 3579 -
808 3571 827 3580 -
882 3548 966 3587 62⁹.

408 3631 419 3641 N
435 3597 592 3636 Saturni
667 3622 686 3631 -·
740 3623 758 3632 -
815 3626 828 3634 ·
884 3602 968 3640 78⁶.

432 3650 544 3690 Jovis
598 3674 617 3683 -
671 3675 689 3685 -
742 3677 760 3686 -
818 3679 832 3687 -
887 3654 971 3694 57⁰.

433 3703 579 3744 Martis
626 3738 629 3740 ,
672 3728 690 3738 -
747 3731 760 3740 .
813 3730 832 3739 -
886 3707 972 3746 72”.

435 3756 601 3794 Veneris
670 3781 689 3790 -
741 3781 759 3791 -
812 3783 831 3792 -
885 3760 969 3799 86''.

435 3809 626 3850 Mercurii
670 3834 688 3843 -
741 3835 760 3843 -
809 3833 831 3844 -
887 3812 970 3852 80⁶.

1244 3014 1321 3053 Sed
1346 3014 1519 3053 multum
1548 3016 1655 3053 abest
1681 3014 1801 3066 quem
1827 3024 1872 3053 ut
1896 3015 1962 3052 ille
1995 3014 2238 3063 apheliorum
2264 3016 2274 3028 ⁶

1187 3075 1328 3113 motus,
1349 3068 1559 3107 certissime
1578 3069 1867 3114 determinetur,
1885 3077 1923 3106 et
1937 3068 2142 3105 uniformis
2156 3081 2259 3107 esse*

1186 3120 1508 3171 deprehendatur,
1531 3135 1576 3159 ex
1597 3121 1926 3160 observationibus
1944 3120 2075 3159 motus
2093 3122 2237 3170 aphelii

1189 3175 1322 3213 Terrae
1333 3188 1438 3213 nunc
1453 3176 1542 3225 plus
1553 3175 1760 3224 procedere
1771 3173 1890 3225 quem
1903 3174 1972 3215 50⁶
1986 3186 2092 3212 nunc
2104 3174 2237 3214 minus

1186 3228 1498 3278 deprehenditur,
1510 3228 1615 3267 unde
1629 3228 1790 3280 quidam
1804 3227 2014 3267 astronomi
2025 3240 2104 3265 non
2113 3228 2236 3267 alium

1186 3295 1268 3320 esse
1280 3283 1363 3333 ejus
1374 3290 1525 3320 motum
1537 3289 1676 3331 praeter
1694 3289 1844 3318 motum
1858 3280 1981 3329 ipsius
1999 3281 2100 3319 initii
2115 3281 2234 3331 eclip-

1184 3336 1271 3373 ticae
1290 3344 1458 3374 censent.
1517 3336 1667 3373 Pariter
1681 3347 1727 3372 ex
1747 3334 2075 3373 observationibus
2091 3336 2233 3384 aphelii

1188 3389 1356 3435 Saturni,
1388 3390 1472 3441 ejus
1501 3396 1631 3426 motus
1662 3387 1882 3439 irregularis
1919 3388 2123 3436 videretur,
2161 3389 2233 3426 ali-

1183 3442 1341 3493 quando
1377 3441 1591 3488 accelerari,
1629 3441 1839 3492 aliquando
1878 3441 2129 3489 retrocedere,
2171 3453 2234 3481 ex.

1184 3496 1321 3547 gratia,
1359 3498 1408 3533 ab
1445 3507 1549 3534 anno
1588 3498 1690 3534 1694
1736 3494 1787 3532 ad
1827 3495 1948 3532 finem
1985 3496 2077 3534 anni
2118 3500 2231 3542 1708,

1185 3549 1347 3586 minutis
1372 3547 1454 3587 sere
1481 3553 1534 3586 53
1559 3548 1817 3587 retrocessisse
1843 3555 2006 3586 testatur
2034 3549 2229 3588 Cassinus.

1190 3602 1404 3650 Aphelium
1432 3601 1543 3640 Jovis
1578 3600 1628 3638 ad
1664 3609 1818 3639 motum
1852 3601 2019 3641 fixarum
2056 3602 2233 3651 proxime

1188 3654 1369 3693 accedere
1401 3654 1564 3700 videtur,
1596 3655 1665 3692 διε.
1747 3655 1864 3693 Unde
1890 3663 2050 3700 constat,
2083 3656 2234 3705 aphelia

1187 3706 1480 3758 quamproxime
1499 3708 1705 3758 quiescere,
1727 3715 1766 3747 et
1783 3722 1867 3747 earn
1884 3709 2137 3760 quantitatem
2153 3712 2233 3746 exi-

1189 3773 1308 3810 guam
1337 3760 1467 3798 motus
1485 3760 1576 3810 ipsis
1593 3761 1776 3812 assignati
1795 3775 1883 3813 quae
1902 3762 2055 3801 excedit
2081 3771 2234 3800 motum

1188 3814 1367 3860 fixarum,
1399 3814 1499 3853 forte
1527 3815 1839 3855 observationum
1868 3816 2058 3855 erroribus
2089 3815 2228 3860 deberi,

1112 3885 1198 3925 D3
