2528 4172
703 293 807 347 ET
849 293 1170 375 REFLUX
1210 296 1319 349 DE
1363 297 1467 349 LA
1506 297 1692 350 MER.
2169 303 2274 352 207

138 437 310 510 paroit
348 439 542 510 exiger.
619 437 767 490 Nous
804 456 1039 507 pouvons
1078 438 1215 490 donc
1252 438 1361 490 etre
1397 439 1682 492 tout-a-fait
1708 439 1820 492 sfirs
1847 440 1913 491 de
1936 440 2132 491 n'avoir
2163 440 2278 491 rien

133 530 300 581 admis
337 528 629 580 d'essentiel
664 528 793 579 dans
830 537 999 579 toutes
1035 545 1133 580 nos
1169 528 1489 593 rechercheS,
1531 530 1620 599 qui
1656 549 1723 582 ne
1761 531 1860 582 soit
1895 530 2165 582 au-dessus
2208 529 2275 581 de

129 630 276 672 toute
304 621 659 672 contestation.

209 709 389 771 Quant
413 708 444 759 a
478 708 827 778 l'application
852 708 918 759 de
942 726 1037 760 nos
1062 709 1341 779 principes,
1370 708 1402 761 a
1434 709 1630 781 l'usage
1656 729 1756 779 que
1786 711 1894 778 j'en
1920 709 1970 760 ai
1994 709 2100 772 fait,
2129 718 2182 761 et
2208 728 2275 761 au
2298 770 2305 777 f

85 845 86 850 ,
130 801 304 853 succes
329 800 395 852 de
418 819 544 851 mon
568 800 765 864 travail,
806 819 865 852 ce
888 802 1020 852 n’est
1055 820 1148 870 pas
1174 800 1206 851 a
1228 802 1335 853 moi
1360 800 1391 853 εὶ
1414 800 1540 853 faire
1566 811 1649 853 cet
1673 819 1910 863 examen,
1951 811 2180 852 sur-tout
2203 819 2273 852 ne

128 903 358 964 pouvant
380 893 429 944 le
453 892 595 956 faire,
624 911 741 945 sans
767 902 940 945 entrer
965 894 1093 945 dans
1119 913 1192 946 un
1211 894 1405 946 certain
1429 894 1673 963 parallele
1698 912 1822 945 avec
1848 913 1919 945 un
1946 895 2082 945 aussi
2107 892 2276 964 grand

130 987 339 1039 homme
365 986 578 1057 qu'etoit
603 986 684 1038 M.
711 986 953 1039 Newton.
1034 988 1089 1040 Si
1108 986 1199 1056 j'ai
1224 1006 1289 1039 eu
1315 987 1560 1057 quelques
1587 984 1779 1048 succes,
1811 987 1865 1054 je
1890 985 2003 1037 dois
2029 1005 2220 1038 avouer
2244 983 2277 1037 a

127 1077 398 1130 l'honneur
434 1076 501 1127 de
537 1093 597 1127 ce
632 1083 845 1148 scavant
878 1075 1202 1145 philosophe,
1244 1096 1344 1147 que
1371 1077 1494 1127 c’est
1517 1076 1592 1127 lui
1622 1076 1710 1146 qui
1735 1094 1868 1127 nous
1896 1095 1927 1126 a
1949 1076 2048 1127 mis
2075 1095 2140 1126 en
2168 1075 2276 1127 etat

129 1166 195 1218 de
219 1166 486 1216 raisonner
523 1163 829 1216 solidement
865 1183 955 1217 sur
979 1184 1063 1217 ces
1090 1174 1252 1216 sortes
1279 1164 1345 1216 de
1369 1165 1640 1227 matieres;
1680 1174 1732 1216 et
1770 1164 1813 1215 si
1842 1165 1973 1233 j'ose
1997 1182 2082 1215 me
2106 1165 2276 1216 flatter

129 1253 195 1306 de
221 1252 441 1323 quelque
466 1251 665 1315 merite,
688 1254 833 1305 ‘c’est
857 1252 990 1305 celui
1015 1252 1213 1305 d'avoir
1237 1254 1387 1305 traite
1413 1264 1564 1304 notre
1590 1254 1720 1322 sujet
1746 1271 1869 1304 avec
1894 1271 1996 1303 une
2022 1252 2275 1303 attention

128 1351 181 1394 et
204 1360 307 1394 une
333 1340 626 1393 exactitude
652 1341 919 1395 conforme
943 1360 1049 1394 aux
1071 1343 1270 1414 grande
1293 1341 1416 1395 vfi'e's
1442 1342 1507 1394 de
1531 1342 1866 1405 l'Academie,
1907 1352 1958 1393 et
1982 1361 2048 1393 au
2073 1351 2275 1410 respect

130 1435 287 1504 qu'on
311 1433 422 1486 doit
445 1431 477 1485 a
502 1443 585 1486 cet
609 1434 807 1487 illustre
832 1452 999 1504 corps,
