2528 4172
245 255 349 302 332
663 249 1106 313 INQUISITIO
1147 248 1487 302 PHYSICA
1529 248 1613 301 IN
1652 246 1977 302 CAUSAM

237 406 437 457 aestum,
466 412 686 465 quorum
710 394 855 457 alter,
886 396 974 464 qui
999 394 1210 465 quidem
1233 394 1390 467 longe
1416 404 1494 447 est
1518 394 1704 457 minor,
1731 413 1827 463 per
1854 395 2068 446 Fretum
2101 395 2379 460 Gallicum,

236 486 366 536 alter
404 485 540 536 circa
581 484 807 536 Scotiam
846 484 1121 536 advehitur
1156 504 1224 536 ex
1261 486 1445 537 eodem
1474 486 1689 538 Oceano
1716 485 2008 541 Atlantico:
2059 486 2132 538 ita
2167 497 2382 556 propter

235 572 549 642 singularem
593 571 827 623 littorum
869 573 1216 643 quorumdam
1260 575 1415 625 situm
1457 574 1714 626 mirabilia
1761 574 2106 643 phaenomena
2154 576 2208 626 in
2252 586 2380 627 aestu

232 663 388 713 maris
415 661 620 713 evenire
642 672 880 731 possunt.
947 662 1109 724 Quod
1135 663 1176 714 si
1203 664 1342 715 enim
1367 664 1509 715 littus
1537 663 1819 734 quodpiam
1845 665 1916 716 ita
1933 664 2087 716 fuerit
2113 684 2380 734 compara-

232 763 358 812 tum,
387 758 446 800 ut
471 758 626 801 aestus
653 750 707 800 in
732 750 789 802 id
812 750 1009 820 duplici
1033 751 1116 803 via
1142 752 1224 803 vel
1251 771 1318 804 ex
1343 752 1526 805 eodem
1554 771 1764 815 oceanO,
1798 753 1880 804 vel
1906 771 1971 804 ex
1997 753 2211 805 diversis
2238 773 2379 805 com-

229 841 538 905 municetur,
579 843 778 895 ratione
817 843 1081 912 temporis,
1123 863 1227 914 quo
1251 844 1359 896 bini
1395 845 1480 896 isti
1505 854 1659 895 aestus
1687 844 1983 907 adveniunt,
2023 844 2248 916 insignes
2275 845 2378 897 dis-

228 931 506 1000 crepantiae
532 932 657 983 oriri
681 942 944 1001 poterunt.
1022 933 1161 985 Nam
1188 935 1230 985 si
1254 953 1349 1003 per
1373 944 1646 1004 utramque
1671 934 1806 985 viam
1830 934 2003 985 fluxus
2041 934 2224 986 eodem
2248 943 2378 987 tem-

224 1042 354 1092 pore
380 1022 683 1088 advehatur,
714 1034 869 1095 atque
896 1024 1026 1077 adeo
1065 1025 1221 1077 simul
1253 1026 1482 1077 refluxus
1508 1035 1814 1096 congruant,
1846 1034 2001 1076 aestus
2025 1026 2190 1076 multo
2216 1027 2377 1094 majo-

223 1134 305 1166 res
348 1116 567 1168 existere
611 1115 891 1168 debebunt.
973 1116 1066 1168 Sin
1105 1126 1279 1168 autem
1323 1135 1385 1167 eo
1411 1126 1663 1185 tempore,
1707 1134 1813 1186 ,quo
1853 1134 1949 1185 per
1991 1115 2202 1167 alteram
2240 1115 2376 1167 viam

222 1206 394 1257 fluxus
420 1205 644 1269 advenit,
684 1225 750 1258 ex
777 1206 936 1258 altera
962 1205 1044 1258 via
1070 1206 1301 1258 refluxus
1327 1205 1537 1267 incidat,
1577 1215 1688 1256 tum
1719 1214 1873 1256 aestus
1907 1205 2119 1255 omnino
2146 1205 2376 1256 destrue-

223 1304 308 1345 tur
346 1295 389 1345 si
426 1294 638 1364 quidem
673 1313 768 1362 per
806 1304 1080 1364 utramque
1116 1295 1252 1346 viam
1281 1313 1416 1364 aqua
1441 1277 1706 1364 aequaliter
1731 1294 1811 1345 vel
1850 1292 2027 1344 affluat
2049 1293 2131 1345 vel
2168 1293 2375 1347 defluat.

222 1383 310 1434 Ad
347 1383 450 1434 hoc
486 1381 608 1434 vero
633 1400 741 1433 non
767 1383 954 1435 sufficit
978 1384 1146 1434 ambae
1170 1384 1267 1436 viae
1294 1383 1395 1434 sint
1422 1383 1662 1453 aequaleS,
1704 1382 1795 1434 sed
1821 1382 1976 1434 etiam
2001 1382 2282 1452 requiritur
2318 1394 2378 1433 ut

220 1475 330 1526 bini
356 1485 512 1526 aestus
540 1476 813 1527 successivi
839 1476 942 1527 sint
967 1475 1208 1545 aequales,
1237 1475 1291 1525 id
1318 1475 1459 1544 quod
1484 1475 1655 1526 evenit
1680 1474 1722 1525 si
1761 1474 1916 1526 Luna
1940 1473 2022 1525 vel
2054 1492 2162 1524 non
2187 1473 2377 1525 habeat

219 1565 635 1629 declinationem,
676 1565 758 1617 vel
794 1566 938 1617 littus
968 1566 1023 1616 in
1049 1575 1312 1635 aequatore
1338 1564 1493 1615 fuerit
1516 1564 1759 1633 positum.
1838 1562 1998 1625 Quod
2025 1562 2066 1613 si
2092 1572 2263 1614 autem
2292 1562 2378 1614 ea-

219 1656 340 1707 dem
367 1656 564 1724 duplici
613 1657 1084 1708 communicatione
1136 1656 1324 1725 posita,
1377 1665 1484 1708 tam
1528 1656 1684 1708 Luna
1725 1656 1915 1707 habeat
1958 1655 2373 1716 declinationem,

218 1746 374 1817 quam
418 1748 560 1799 littus
604 1748 900 1800 notabiliter
944 1749 1011 1799 ab
1058 1757 1321 1818 aequatore
1359 1748 1425 1799 sit
1460 1757 1677 1811 motum,
1717 1757 1830 1799 tum
1868 1747 1935 1797 ob
1973 1745 2376 1816 inaequalitatem

219 1837 466 1887 binorum
504 1847 725 1888 aestuum
753 1857 863 1889 sese
888 1838 1288 1907 insequentium,
1329 1838 1505 1889 fluxus
1530 1839 1752 1907 majores
1780 1855 1847 1888 ex
1872 1835 2032 1889 altera
2058 1836 2139 1887 via
2168 1836 2376 1887 adveni-

218 1936 378 1989 entes,
428 1927 748 1994 superabunt
786 1928 1018 1978 refluxus
1061 1927 1290 1977 minores
1335 1927 1520 1978 eodem
1564 1938 1799 1995 tempore
1841 1944 1936 1994 per
1981 1925 2195 1977 alteram
2240 1926 2375 1976 viam

215 2016 397 2080 factos,
427 2027 583 2087 atque
610 2016 712 2069 hoc
736 2018 897 2069 modo
925 2019 979 2069 in
1004 2018 1094 2069 tali
1132 2019 1305 2070 littore
1333 2018 1548 2089 singulis
1579 2018 1761 2070 diebus
1787 2036 1894 2068 non
1918 2017 2030 2068 bini
2052 2018 2242 2080 fluxus,
2285 2016 2371 2068 sed

219 2129 355 2162 unus
393 2119 597 2161 tantum
635 2110 867 2173 accidet3
911 2110 1151 2180 hancque
1188 2111 1443 2162 rationem
1479 2111 1669 2182 allegat
1708 2111 1993 2163 Newtonus
2038 2108 2194 2161 aestus
2236 2108 2371 2159 illius

222 2203 498 2274 singularis
539 2203 814 2272 Tunquini
851 2204 1127 2267 observati,
1156 2203 1246 2254 ubi
1285 2203 1328 2254 si
1362 2204 1517 2255 Luna
1540 2204 1595 2254 in
1621 2213 1887 2273 aequatore
1910 2210 2162 2264 versatur,
2201 2200 2372 2252 nullus

215 2305 370 2346 aestus
410 2295 836 2364 deprehenditur,
877 2296 957 2346 sin
995 2306 1168 2347 autem
1198 2295 1355 2346 Luna
1378 2294 1569 2346 habeat
1595 2294 2010 2356 declinationem,
2050 2292 2235 2343 unicus
2260 2302 2372 2343 tan-

215 2393 327 2434 tum
364 2382 468 2435 una
509 2384 680 2436 Lunae
715 2384 1042 2435 revolutione
1069 2384 1207 2436 circa
1235 2383 1473 2435 Terram.
1552 2383 1666 2436 Nos
1692 2393 1864 2435 autem
1887 2400 2014 2433 mox
2037 2380 2189 2450 hujus
2217 2380 2372 2430 mira-

213 2475 333 2526 bilis
373 2475 708 2543 phaenomeni
748 2475 902 2526 aliam
938 2476 1105 2546 magis
1145 2475 1437 2527 naturalem
1472 2484 1770 2545 nostraeque
1805 2473 2021 2526 theoriae
2056 2470 2371 2524 conformem

215 2564 565 2616 indicabimus
592 2582 817 2615 causam.

284 2661 323 2723 ᾗ.
356 2663 474 2708 118.
514 2655 789 2708 Hactenus
816 2663 1002 2705 aestum
1029 2654 1200 2717 mariS,
1233 2652 1671 2724 quemadmodum
1696 2653 1752 2704 in
1778 2652 2096 2722 amplissimo
2121 2668 2315 2702 oceano
2340 2669 2369 2700 a

215 2748 410 2800 viribus
446 2748 514 2799 ad
541 2747 749 2800 Lunam
774 2765 836 2799 ac
864 2746 1040 2799 Solem
1067 2746 1397 2798 tendentibus
1426 2746 1764 2815 producatur,
1792 2755 1946 2816 atque
1970 2745 2113 2797 vario
2138 2743 2370 2795 littorum

218 2839 321 2890 situ
371 2836 491 2890 cum
543 2838 744 2890 ratione
798 2836 1096 2908 quantitatis
1145 2834 1259 2888 tum
1309 2836 1672 2889 retardationis
1722 2833 2065 2888 diversimode
2115 2832 2367 2895 turbetur,

219 2947 396 2980 sumus
436 2928 788 2997 contemplati,
830 2946 1002 2998 neque
1026 2946 1238 2979 necesse
1261 2946 1372 2979 esse
1399 2928 1644 2979 duximus
1670 2929 1944 2979 ventorum
1966 2924 2226 2994 marisque
2254 2941 2372 2974 cur-

219 3036 368 3069 suum
409 3017 745 3087 propriorum
789 3018 1040 3069 rationem
1086 3016 1314 3069 habere:
1372 3016 1492 3069 cum
1536 3017 1655 3069 satis
1697 3035 1923 3086 pronum
1957 3016 2023 3068 sit
2057 3013 2368 3083 perspicere,

221 3111 484 3181 quomodo
521 3111 603 3162 his
642 3111 797 3163 rebus
836 3121 990 3162 aestus
1016 3110 1172 3162 maris
1210 3120 1317 3161 tam
1342 3111 1521 3182 augeri
1546 3111 1629 3162 vel
1654 3110 1887 3172 diminui,
1917 3105 2071 3178 quam
2096 3105 2372 3159 accelerari

217 3203 300 3253 vel
333 3201 586 3253 retardari
624 3201 826 3253 debeat.
905 3202 1150 3270 Superest
1179 3200 1341 3271 igitur
1373 3209 1432 3252 ut
1472 3218 1809 3268 exponamus,
1853 3196 2115 3267 quomodo
2154 3196 2209 3246 in
2249 3193 2370 3246 satis

219 3291 393 3358 amplo
430 3299 599 3342 tractu
635 3291 810 3353 maris,
851 3291 940 3359 qui
977 3290 1043 3341 ab
1068 3307 1265 3341 oceano
1290 3288 1373 3342 vel
1398 3289 1610 3340 omnino
1637 3298 1715 3340 est
1750 3288 2026 3357 sejunctus,
2055 3284 2136 3337 vel
2160 3301 2254 3353 per
2278 3301 2370 3334 an-

218 3392 433 3452 gustum
471 3379 674 3433 tantum
710 3381 946 3433 canalem
982 3382 1305 3450 conjunctus,
1344 3379 1619 3448 peculiaris
1644 3389 1800 3430 aestus
1829 3397 1859 3429 a
1883 3377 2078 3429 viribus
2117 3374 2285 3427 Lunae
2309 3389 2371 3423 ac

222 3474 358 3526 Solis
397 3477 618 3544 produci
658 3487 827 3548 queat.
909 3477 1253 3545 Perspicuum
1292 3476 1432 3527 enim
1475 3483 1567 3536 est,
1612 3473 1656 3524 si
1695 3472 1811 3524 talis
1855 3479 2045 3523 tractus
2073 3453 2369 3520 ⁴secundum

218 3564 601 3635 longitudinem
626 3567 764 3618 ultra
805 3575 873 3619 90
910 3565 1104 3636 gradus
1128 3574 1319 3633 pateat,
1362 3572 1547 3614 aestum
1572 3562 1686 3630 pari
1711 3560 1868 3612 modo
1897 3556 2134 3630 generari
2160 3555 2365 3617 debere,

226 3675 287 3706 ac
329 3656 382 3705 in
423 3656 741 3724 amplissimo
782 3676 991 3720 oceano,
1036 3656 1125 3726 qui
1168 3665 1332 3707 totam
1377 3654 1646 3705 Tellurem
1689 3651 1886 3704 ambire
1927 3650 2153 3718 ponitur.
2230 3645 2368 3697 Nam

220 3744 467 3813 quoniam
509 3746 741 3796 extensio
774 3756 916 3798 tanta
953 3756 1046 3809 est,
1086 3756 1144 3797 ut
1181 3745 1316 3796 vires
1357 3744 1526 3795 Lunae
1563 3752 1615 3794 et
1654 3742 1788 3795 Solis
1824 3741 1880 3792 in
1917 3759 1980 3792 eo
2014 3747 2181 3792 tractu
2215 3733 2369 3787 simul

220 3835 500 3887 maximam
538 3855 597 3887 ac
634 3835 905 3888 minimam
942 3854 1092 3907 aquae
1137 3834 1464 3887 altitudinem
1503 3834 1750 3886 inducere
1789 3841 1993 3903 queant,
2033 3844 2247 3883 necesse
2290 3833 2368 3876 est
