2528 4172
273 326 341 372 58
761 316 1328 369 PHILOSOPHIAE
1367 317 1821 372 NATURALIS
1878 319 1996 382 [DE
2019 318 2221 372 MUND.
2248 320 2399 372 SYsr.

275 459 538 512 Collioure
566 467 616 509 et
649 457 788 509 urbis
813 457 1061 509 Dunkirk
1087 469 1196 510 erat
1220 460 1476 529 graduum
1500 469 1617 511 octo
1644 470 1695 512 et
1723 461 1819 512 31'.
1853 464 1994 530 123²ss
2071 461 2230 513 Unde
2254 445 2423 513 arcus·

271 547 463 618 gradus
502 547 652 597 unius
688 546 864 613 prodit
887 546 1276 614 hexapedarum
1305 550 1670 601 Parisiensium
1697 556 1762 605 57
1768 558 1888 602 061.
1966 550 2037 601 Et
2062 569 2128 601 ex
2150 551 2231 602 his
2256 569 2403 615 men-

272 637 403 689 suris
431 635 689 705 colligitur
715 635 938 685 ambitus
966 636 1149 687 Terrae
1173 638 1366 705 pedum
1394 639 1761 690 Parisiensium
1802 646 2136 702 123249600,
2176 648 2228 690 et
2253 640 2403 691 semi-

270 728 518 778 diameter
544 728 651 794 ejus
675 726 866 793 pedum
899 733 1196 790 19615800,
1226 737 1277 779 et
1300 728 1577 798 hypothesi
1601 729 1741 799 quod
1768 730 1936 781 Terra
1961 730 2024 781 sit
2048 730 2315 798 sphaerica.

340 818 405 869 In
431 816 700 868 latitudine
739 816 963 867 Lutetiae
1004 817 1321 869 Parisiorum
1358 837 1545 887 corpus
1581 838 1739 889 grave
1776 830 2009 888 tempore
2035 820 2220 871 minuti
2248 820 2400 871 unius

270 908 482 959 secundi
508 906 741 959 cadendo
767 907 1010 958 describit
1035 908 1193 976 pedes
1224 909 1535 961 Parisienses
1567 917 1646 962 15.
1684 910 1788 981 dig.
1833 917 1878 960 1.
1906 909 1994 960 lin.
2036 913 2098 979 1}
2135 919 2193 961 ut
2230 928 2400 977 supra,

269 998 372 1066 (††)
411 996 467 1047 id
504 1006 595 1059 est,
635 996 794 1047 lineas
833 997 1022 1061 21735.
1105 996 1317 1048 Pondus
1345 998 1573 1065 corporis
1600 998 1903 1049 diminuitur
1926 1017 2020 1066 per
2043 999 2247 1066 pondus
2273 999 2404 1049 aeris

268 1084 555 1135 ambientis.
633 1083 686 1153 (¹)
727 1084 987 1135 Ponamus
1021 1084 1226 1152 pondus
1252 1086 1496 1136 amissum
1528 1105 1638 1137 esse
1662 1095 1862 1154 partem
1886 1086 2209 1137 undecimam
2239 1087 2403 1137 mille-

267 1173 450 1223 simam
485 1171 730 1239 ponderis
768 1171 939 1233 totius,
980 1182 1031 1222 et
1068 1191 1254 1240 corpus
1280 1172 1409 1223 illud
1434 1192 1591 1243 grave
1617 1174 1852 1225 cadendo
1879 1174 1934 1225 in
1959 1193 2120 1226 vacuo
2148 1175 2404 1227 describet

264 1262 588 1313 altitudinem
611 1261 864 1312 linearum
890 1266 1029 1316 2174
1056 1270 1289 1329 tempore
1317 1261 1503 1312 minuti
1527 1262 1678 1313 unius
1706 1262 1932 1313 secundi.

342 1352 547 1419 Corpus
583 1351 639 1400 in
677 1350 868 1401 circulo
904 1350 972 1401 ad
1008 1350 1303 1401 distantiam
1338 1351 1533 1418 pedum
1572 1359 1850 1404 19615800
1888 1372 1919 1402 a
1953 1361 2146 1415 centro,
2186 1352 2399 1423 siugulis

265 1441 446 1492 diebus
474 1439 680 1490 sidereis
704 1440 954 1491 horarum
981 1446 1065 1491 23.
1090 1441 1188 1491 56².
1212 1441 1294 1491 4''.
1316 1440 1641 1492 uniformiter
1665 1442 1933 1493 revolvens
1960 1453 2192 1511 tempore
2217 1445 2402 1494 min-uti

270 1530 417 1579 unius
445 1528 654 1579 secundi
683 1529 758 1597 (¹¹¹)
788 1527 1042 1580 describet
1066 1546 1244 1578 arcum
1277 1528 1472 1596 pedum
1501 1536 1743 1592 1433‚46,
1786 1532 1928 1599 cujus
1955 1531 2095 1581 sinus
2122 1550 2298 1582 versus
2326 1541 2402 1582 est

262 1617 457 1685 pedum
495 1623 814 1679 0,0523656,
860 1634 950 1667 seu
985 1616 1238 1667 linearum
1278 1621 1522 1679 7‚54064.
1604 1618 1667 1685 (¹¹)
1708 1618 1938 1687 Ideoque
1962 1618 2053 1680 vis,
2095 1618 2194 1688 qua
2224 1620 2401 1689 gravia

262 1769 363 1806 inter
390 1768 670 1806 observationes
697 1769 766 1806 dni.
791 1768 838 1806 de
859 1768 1105 1816 Maupertuis
1130 1770 1303 1806 observa-

262 1828 325 1858 tus
343 1821 409 1870 qui
424 1830 479 1858 est
501 1822 557 1860 10.
580 1822 620 1858 l'.
646 1822 724 1859 12”.
736 1821 980 1869 respondebit
990 1822 1075 1858 hex.
1091 1826 1221 1860 58515
1238 1837 1247 1859 :
1272 1826 1305 1859 1.

266 1875 383 1912 Unde
401 1874 542 1923 gradus
560 1875 631 1912 erit
649 1876 827 1939 57171}

318 1940 377 1978 Ut
400 1940 528 1990 itaque
547 1954 658 1978 verus
677 1942 868 1978 dissensus
885 1939 984 1976 inter
1002 1939 1302 1978 observationem

260 1992 316 2030 ill.
359 1993 507 2031 Cassini
538 2002 577 2032 et
608 1994 677 2036 dni.
720 1995 768 2032 de
816 1993 1062 2040 Maupertuis
1103 1994 1299 2040 habeatur,

260 2059 331 2097 fiat
356 2059 455 2098 sicut
482 2049 658 2113 571715}
673 2060 724 2098 ad
754 2048 942 2111 12553δέ
968 2060 1021 2096 ita
1039 2072 1142 2097 unus
1160 2060 1302 2109 gradus

261 2113 311 2149 ad
335 2121 528 2162 quartum,
556 2114 773 2151 invenietur
800 2126 911 2150 arcus
940 2112 1000 2149 20.
1028 2112 1097 2149 ll'.
1122 2113 1206 2159 45⁹,
1235 2113 1303 2162 qui

265 2165 345 2202 13⁰.
370 2165 557 2204 duntaxat
568 2167 696 2204 differt
709 2169 756 2204 ab
779 2178 871 2203 arcu
887 2164 946 2203 20.
978 2164 1050 2203 11'.
1078 2165 1159 2203 58”.
1184 2178 1302 2215 quem

257 2217 315 2254 ill.
351 2219 534 2256 Cassinus
565 2219 800 2265 observavit;
843 2231 932 2268 quae
961 2217 1175 2255 differentia
1202 2220 1303 2255 inter

259 2278 425 2319 quatuor
452 2273 732 2310 observationes
758 2271 928 2309 coelestes
947 2278 985 2308 et
1002 2283 1200 2308 mensuras
1225 2279 1302 2308 ter-

256 2331 393 2360 restres
434 2324 647 2370 distributa,
694 2325 861 2362 efficeret
905 2324 1168 2361 conclusiones
1212 2324 1301 2360 uni-

259 2375 423 2413 formes:
458 2390 550 2426 ergo
574 2378 650 2413 illae
679 2377 959 2415 observationes
979 2376 1124 2414 nedum
1142 2376 1242 2413 inter
1260 2390 1300 2414 se

258 2437 447 2477 pugnent,
491 2431 537 2466 iis
573 2430 837 2467 differentiolis
881 2427 1035 2465 tantum
1071 2428 1298 2477 discrepent,

259 2493 346 2530 quae
365 2481 646 2520 inevitabilibus
665 2481 924 2520 accidentibus
942 2481 1141 2518 debentur.
1164 2486 1176 2507 ν’

315 2533 469 2571 Interea
493 2535 582 2572 satis
601 2535 721 2585 liquet
738 2534 841 2584 quod
861 2535 891 2571 si
910 2534 951 2570 in
969 2546 1089 2571 unam
1107 2546 1300 2571 summam

261 2586 540 2636 conjicerentur
557 2600 748 2625 mensurae
766 2587 820 2623 ill.
849 2586 997 2624 Cassini
1022 2586 1140 2634 patris
1157 2595 1196 2624 et
1214 2586 1295 2631 filii,

259 2638 535 2677 diminuendus
553 2648 650 2679 esset
667 2653 778 2677 arcus
797 2639 922 2676 totalis
945 2639 1027 2676 12¹³.
1043 2649 1197 2687 propter
1214 2646 1298 2676 cor·-

260 2692 470 2729 rectionem
488 2694 735 2730 aberrationis
753 2692 860 2736 lucis,
891 2692 954 2729 cui
974 2691 1140 2729 obnoxia
1157 2698 1213 2729 est
1231 2694 1298 2729 ob-

260 2744 421 2782 servatio
447 2745 501 2782 ill.
530 2746 678 2784 Cassini
706 2745 788 2789 filii,
821 2752 859 2782 et
885 2757 1077 2782 mensurae
1104 2752 1299 2782 terrestres

258 2797 386 2835 forent
418 2799 616 2848 augendae,
647 2800 738 2849 quia
769 2810 817 2835 ex
849 2798 1108 2835 observatione
1148 2797 1216 2834 dni.
1249 2797 1298 2835 de

263 2850 508 2898 Maupertuis
536 2852 691 2889 additur
726 2850 879 2899 pondus
914 2850 1125 2888 rationibus
1160 2849 1300 2900 quibus

258 2902 358 2940 inter
384 2904 481 2942 duas
506 2905 622 2941 series
652 2904 936 2954 triangulorum
974 2903 1043 2940 dni.
1080 2903 1225 2941 Picarti
1255 2916 1300 2940 ea

258 2957 517 3004 praeponenda
531 2965 730 2995 censeatur
742 2969 860 3007 quam
882 2956 1053 2993 Picartus
1068 2956 1296 3005 praetulerat,

262 3016 299 3045 et
320 3022 437 3059 quam
463 3010 518 3047 ill.
545 3010 729 3049 Cassinus
746 3009 978 3059 neglexerat,
1006 3008 1085 3047 imo
1104 3017 1142 3046 et
1162 3011 1298 3057 proba-

260 3061 336 3099 bile
355 3063 398 3100 fit
416 3075 560 3100 errores
577 3063 757 3100 minimos
774 3062 1023 3105 inevitabiles,
1049 3074 1135 3098 eam
1152 3062 1194 3098 in
1211 3074 1298 3110 par-

260 3122 337 3151 tem
359 3117 591 3164 conspirasse
614 3123 658 3153 ut
683 3128 793 3153 arcus
817 3114 978 3152 coelestis
995 3115 1116 3164 major
1135 3127 1224 3152 vero
1242 3115 1298 3152 vi-

261 3167 413 3205 deretur
438 3168 493 3206 ill.
522 3168 682 3207 Cassino
709 3176 748 3206 et
773 3179 965 3205 mensurae
991 3174 1184 3205 terrestres
1209 3180 1298 3204 vero

260 3220 451 3267 minores3
479 3223 619 3272 quibus
637 3222 816 3259 omnibus
834 3220 1041 3268 perpensis,
1061 3219 1299 3270 magnitudi-

261 3285 349 3309 nem
378 3274 493 3312 unius
520 3275 663 3326 gradus
682 3276 723 3311 in
742 3273 829 3313 450.
852 3272 916 3311 lat.
940 3272 1075 3323 gradu,
1100 3274 1201 3310 circa
1217 3285 1298 3310 me-

261 3325 372 3362 dium
397 3339 588 3365 mensurae
605 3341 629 3365 a
651 3328 812 3366 Cassino
837 3333 942 3374 patre
962 3325 1148 3363 institutae
1165 3332 1299 3362 rotun-

261 3377 321 3467 Εἰς
347 3379 517 3416 numeris
535 3381 625 3418 satis
643 3379 729 3419 tut&
755 3383 897 3419 27100.
920 3380 1008 3416 hex.
1031 3378 1175 3416 assumi
1193 3390 1302 3427 posse

291 3439 392 3481 quet.

316 3497 405 3549 (††)
427 3500 476 3536 Id
494 3505 558 3544 est,
578 3501 695 3538 lineas
714 3488 863 3552 2173-3.
924 3500 991 3538 Ex
1009 3498 1304 3538 accuratissimis

262 3550 587 3588 observationibus
614 3552 683 3589 dm.
707 3552 754 3589 de
784 3553 939 3591 Mairan
960 3554 1080 3644 gCap.
1108 3552 1185 3590 VI.
1211 3552 1299 3612 Lib.

264 3603 354 3641 ΙΙΙ.
384 3603 449 3653 fig.
482 3603 611 3641 Terrae
642 3604 800 3642 determ.
824 3620 847 3643 a
883 3607 935 3645 D.
988 3619 1009 3644 e
1040 3603 1303 3654 Maupertuls)

1357 1783 1430 1819 pus
1461 1769 1663 1808 descensus
1694 1782 1762 1819 per
1793 1769 1992 1808 dimidiam
2024 1770 2268 1808 altitudinem
2306 1783 2398 1818 pen-

1358 1824 1453 1869 duli,
1476 1824 1553 1860 sive
1571 1835 1638 1871 per
1655 1823 1774 1859 lineas
1794 1827 1882 1860 220.
1904 1823 1992 1874 28ἦ,
2014 1824 2089 1860 sint
2108 1822 2197 1860 ver&
2216 1823 2400 1872 quadrata

1358 1884 1576 1925 temporum
1597 1884 1640 1913 ut
1658 1876 1779 1924 spatia
1797 1875 1981 1913 descensu
2000 1876 2168 1913 verticali
2187 1877 2232 1912 iis
2251 1883 2399 1923 tempo-

1357 1930 1463 1966 ribus
1482 1924 1680 1976 dstripta,
1701 1928 1771 1965 erit
1792 1933 1937 1966 9.8696
1961 1928 2010 1966 ad
2037 1933 2052 1965 1
2131 1928 2398 1980 (Quadratum

1357 1981 1673 2019 circumferentiae
1701 1981 1750 2018 ad
1774 1981 2003 2031 quadratum
2024 1981 2199 2018 diametri
2224 1982 2278 2029 1.)
2300 1981 2398 2018 sicut

1357 2035 1522 2083 spatium
1553 2046 1633 2071 uno
1668 2034 1838 2072 secundo
1874 2033 2108 2082 descriptum
2144 2034 2194 2070 ad
2224 2033 2397 2083 220.28ἑ

1356 2087 1423 2124 lin.
1484 2086 1593 2137 Ergo
1623 2099 1759 2135 corpus
1790 2099 1904 2136 grave
1933 2087 1973 2123 in
2002 2086 2203 2123 latitudine
2230 2086 2397 2123 Lutetiae

1356 2148 1528 2188 tempore
1557 2140 1697 2177 minuti
1726 2139 1843 2176 unius
1875 2139 2033 2176 secundi
2065 2138 2242 2176 describit
2278 2139 2399 2176 lineas

1358 2196 1474 2231 2175.
1512 2196 1680 2231 631356.
1714 2190 1832 2241 paulo
1864 2192 1995 2229 minus
2026 2192 2143 2241 quam
2182 2192 2397 2229 Newtonus

1356 2246 1536 2296 assignat,
1575 2245 1657 2295 ejus
1692 2245 1898 2282 undecima
1933 2245 2137 2282 millesima
2177 2257 2264 2293 pars
2298 2244 2397 2281 foret

1356 2303 1544 2337 .197602.
1618 2299 1748 2342 Quare
1776 2298 1817 2335 id
1845 2310 1963 2348 grave
1998 2298 2039 2334 in
2071 2310 2193 2335 vacuo
2225 2296 2396 2334 cadendo

1354 2350 1580 2389 describeret
1598 2350 1841 2388 altitudinem
1860 2354 1976 2389 2173.
2001 2354 2171 2389 828958.

1409 2423 1459 2475 (¹)
1482 2426 1504 2448 *³
1528 2426 1724 2462 Ponamus
1754 2425 1907 2471 pondus
1938 2427 2132 2461 amissum.
2197 2422 2394 2466 Quoniam

1354 2489 1492 2524 corpus
1518 2475 1716 2526 quodlibet
1741 2475 1920 2523 ponderis
1939 2476 1999 2513 sui
2018 2485 2162 2523 partem
2185 2476 2326 2518 amittit
2351 2477 2392 2512 in

1353 2530 1439 2566 a'elre
1466 2528 1653 2579 aequalem
1680 2528 1840 2576 ponderi
1867 2528 1968 2576 paris
1995 2528 2201 2565 voluminis
2219 2528 2325 2572 aeris,
2356 2536 2396 2565 et

1353 2582 1559 2630 plumbum
1586 2589 1642 2618 est
1659 2580 1709 2617 ad
1727 2593 1838 2631 aquae
1855 2581 2081 2632 gravitatem
2107 2581 2324 2628 specificam
2350 2589 2395 2618 ut

1358 2637 1501 2677 11‚345
1520 2634 1569 2671 ad
1592 2638 1718 2680 10003
1747 2647 1846 2683 aqua
1867 2632 1957 2671 vero
1974 2633 2022 2670 ad
2042 2634 2169 2671 a'e'rem
2187 2633 2302 2681 paulo
2320 2632 2394 2670 mi-

1354 2699 1428 2724 nus
1446 2686 1564 2737 quam
1596 2691 1697 2725 1000
1726 2687 1775 2724 ad
1802 2690 1837 2731 l,
1868 2687 1959 2723 hinc
1978 2687 2142 2737 gravitas
2160 2687 2309 2734 plumbi
2337 2694 2393 2723 est

1354 2739 1403 2778 ad
1433 2740 1659 2790 gravitatem
1690 2739 1786 2777 a'e'ris
1816 2738 1896 2776 fere
1928 2746 1972 2776 ut
2002 2743 2130 2777 11000
2160 2738 2210 2776 ad
2242 2744 2272 2783 l,
2303 2738 2393 2776 hinc

1355 2805 1447 2844 ergo
1474 2793 1680 2841 plumbum
1705 2792 1846 2829 amittit
1869 2792 1911 2828 in
1929 2793 2013 2830 a'ejre
2031 2791 2210 2840 ponderis
2228 2792 2290 2829 sui
2308 2804 2392 2840 par-

1355 2853 1434 2883 tem
1466 2845 1714 2883 undecimam
1741 2844 1996 2891 millesimam,
2034 2845 2163 2894 itaque
2199 2845 2241 2881 in
2273 2856 2393 2882 vacuo

1354 2906 1519 2949 augetur
1545 2898 1697 2948 pondus
1721 2898 1871 2947 plumbi
1889 2905 1994 2946 parte
2013 2895 2219 2935 undecima
2237 2896 2393 2934 millesi-

1354 2952 1419 2989 ma
1445 2952 1623 3000 ponderis
1645 2952 1773 2994 totius,
1804 2951 1877 2988 hoc
1901 2957 1958 2988 est
1988 2950 2109 2998 spatia
2132 2950 2268 2987 eodem
2295 2959 2393 2987 tem-

1353 3017 1445 3052 pore
1469 3005 1657 3052 descripta
1683 3002 1891 3041 undecima
1917 3000 2121 3039 millesima
2147 3002 2264 3039 totius
2282 3002 2394 3050 spatii

1353 3057 1531 3106 descripti
1557 3064 1663 3106 parte
1689 3056 1823 3106 augeri
1855 3055 2020 3093 debent:
2052 3055 2119 3092 fiat
2145 3067 2237 3105 ergo
2266 3059 2394 3093 11000

1353 3124 1403 3162 ad
1425 3128 1546 3162 11001
1569 3130 1614 3161 ut
1632 3111 1768 3175 2175}
1787 3121 1836 3159 ad
1862 3127 2054 3171 quartum,
2084 3119 2184 3156 illud
2213 3128 2395 3170 quartum

1354 3177 1425 3215 erit
1457 3181 1657 3215 2173.966
1687 3187 1779 3225 ergo
1810 3173 1901 3222 poni
1929 3180 2053 3221 potest
2075 3171 2194 3222 quam
2220 3172 2394 3221 proxime

1354 3230 1520 3278 spatium
1546 3237 1716 3276 tempore
1744 3226 1885 3264 minuti
1911 3225 2027 3263 unius
2046 3225 2202 3263 secundi
2228 3226 2394 3274 descrip-

1353 3290 1441 3320 tum
1466 3282 1508 3318 in
1534 3294 1656 3319 vacuo
1682 3294 1706 3318 a
1730 3279 1903 3329 plumbo,
1932 3276 2095 3328 ideoque
2120 3291 2143 3315 a
2169 3279 2302 3328 quovis
2319 3278 2395 3316 alio

1356 3347 1515 3383 corpore
1540 3334 1646 3384 gravi
1675 3335 1785 3384 (nam
1802 3331 1932 3370 omnia
1951 3332 2081 3381 gravia
2099 3331 2238 3382 aequali
2262 3331 2394 3369 celeri-

1356 3396 1434 3426 tate
1453 3388 1494 3424 in
1513 3399 1634 3424 vacuo
1652 3385 1813 3434 cadunt)
1834 3384 2023 3422 linearum
2043 3388 2159 3423 2174.

1413 3440 1480 3492 (¹¹¹)
1504 3442 1525 3464 *²
1546 3441 1740 3478 Describet
1758 3451 1895 3476 arcum
1910 3439 1995 3487 ped.
2057 3438 2294 3485 Computum
2320 3437 2395 3475 ini-

1356 3502 1422 3533 tur
1439 3493 1575 3531 eodem
1593 3490 1706 3540 plane
1724 3490 1840 3528 modo
1858 3502 1903 3527 ac
1921 3497 2000 3527 not.
2026 3495 2087 3528 63.

1413 3546 1470 3599 (¹¹)
1493 3547 1515 3569 ¹*
1539 3545 1700 3595 Ide6que
1726 3546 1793 3582 vis.
1853 3542 1965 3580 vires
1994 3543 2205 3580 uniformes
2235 3549 2326 3581 sunt
2350 3550 2397 3581 ut

1359 3600 1480 3650 spatia
1498 3596 1587 3635 dato
1605 3606 1775 3646 tempore
1794 3595 1992 3644 descripta,
2016 3596 2084 3633 sed
2101 3603 2158 3633 est
2175 3596 2340 3644 spatium
2359 3595 2396 3632 vi

264 3655 469 3705 longitudo
496 3656 656 3704 penduli
683 3657 729 3693 ad
759 3658 930 3708 singulas
951 3658 1138 3696 secundas
1157 3659 1306 3695 vibrans
1359 3651 1552 3704 gravitatis
1570 3657 1741 3698 tempore
1759 3648 1877 3686 unius
1893 3648 2036 3685 minuti
2054 3648 2212 3708 secundi
2230 3647 2394 3710 descrip-

263 3716 321 3745 est
354 3708 541 3746 linearum
570 3714 658 3747 440.
686 3713 748 3748 57.
786 3711 886 3756 hinc,
922 3711 1012 3748 cum
1036 3711 1150 3761 juxta
1185 3711 1301 3758 Prop.
1359 3715 1446 3744 tum
1466 3707 1579 3741 2174.
1603 3703 1670 3739 lin.
1693 3701 1860 3750 spatium
1882 3709 2011 3738 autem
2030 3713 2067 3738 v1
2088 3700 2304 3760 centrifuga
2328 3700 2396 3737 de-

266 3761 396 3799 XXV
407 3762 438 3798 Ι.
495 3762 634 3799 Horol.
696 3762 829 3799 Oscill.
893 3764 1032 3814 Hugh.
1076 3762 1127 3801 sit
1176 3763 1309 3801 circuli
1363 3758 1546 3805 scriptum
1565 3762 1610 3792 ut
1627 3755 1734 3792 sinus
1751 3767 1892 3799 versus,
1912 3754 1984 3814 hoc
2002 3753 2156 3813 estnlm.
2180 3755 2217 3796 7.
2237 3756 2379 3792 54064.

266 3814 573 3853 circumferentia
607 3814 656 3852 ad
694 3814 925 3854 diametrum
964 3823 1010 3854 ut
1049 3817 1102 3854 1”.
1136 3815 1185 3854 ad
1212 3822 1308 3853 tem·
1417 3812 1439 3835 ¹*
1465 3809 1506 3847 Si
1535 3807 1902 3858 graduslaequatoris
1929 3812 1978 3844 sit
2001 3816 2123 3856 major
2139 3807 2267 3844 57061
2289 3805 2393 3852 hex„
