2528 4172
308 272 412 319 254
719 250 1163 326 INQUISITIO
1203 260 1543 315 PHYSICA
1582 260 1666 313 IN
1708 260 2032 315 CAUSAM

303 421 403 463 tur.
482 411 569 463 Ob
607 409 740 461 hanc
778 410 915 461 enim
957 410 1122 480 ipsam
1158 409 1454 462 facultatem
1478 428 1667 479 corpus
1702 410 1756 459 in
1781 419 1927 461 motu
1952 410 2178 478 positum
2207 412 2305 463 alia
2332 432 2445 464 cor-

300 520 446 570 pora,
490 518 607 571 quae
651 500 731 550 vel
767 500 928 568 ipsius
965 502 1130 554 motui
1167 500 1360 553 directe
1399 511 1519 553 sunt
1555 500 1808 569 opposita,
1849 501 1930 552 vel
1968 503 2075 571 ejus
2111 502 2446 555 directionem

304 600 506 642 mutare
532 598 741 659 cogunt,
782 588 849 640 ad
875 598 1074 640 motum
1102 589 1373 651 sollicitat3
1411 600 1564 659 atque
1601 589 1764 659 priori
1801 608 1925 640 casu
1948 591 2144 661 regulae
2169 592 2446 644 collisionis

303 696 598 746 corporum,
638 678 913 746 posteriori
951 677 1074 730 vero
1100 679 1175 729 vis
1202 677 1504 749 centrifugae
1541 679 1741 730 indoles
1768 688 1819 730 et
1842 680 2182 748 proprietates
2209 682 2447 733 oriuntur

303 787 363 819 ac
389 768 825 821 demonstrantur.
903 767 1040 821 Cum
1077 770 1236 840 igitur
1273 758 1446 821 omnia
1472 777 1690 838 corpora
1715 772 1978 822 terrestria
2003 781 2108 823 tam
2133 772 2309 825 versus
2350 775 2465 826 So·

301 858 421 919 lem,
451 854 606 926 quam
642 856 820 910 versus
858 857 1065 909 Lunam
1099 856 1352 927 perpetuov
1379 858 1730 922 sollicitentur,
1771 878 1924 911 causa
1949 859 2103 929 hujus
2131 861 2448 914 sollicitatio-

306 948 387 998 nis
414 948 663 999 continuo
689 948 930 1017 appulsui
954 949 1184 1000 materiae
1210 947 1477 1017 cujusdam
1503 948 1718 1011 subtilis,
1757 948 1838 999 vel
1862 948 1913 998 vi
1939 948 2240 1019 centrifugae
2267 951 2447 1002 similis

300 1036 532 1087 materiae
584 1036 741 1087 tribui
791 1036 1014 1088 debebit.
1114 1035 1287 1088 Priori
1322 1036 1480 1107 igitur
1530 1055 1652 1087 casu
1694 1037 1962 1087 materiam
2005 1037 2246 1088 subtilem
2296 1040 2448 1091 statui

302 1135 581 1194 oporteret,
612 1143 729 1195 quae
755 1135 1051 1176 constanter
1076 1124 1275 1176 summa
1302 1124 1575 1193 rapiditate
1600 1122 1721 1175 cum
1740 1123 1806 1174 ad
1830 1124 2004 1176 Solem
2021 1123 2132 1175 turn
2152 1126 2216 1177 ad
2239 1127 2447 1179 Lunam

303 1213 554 1266 ferretur:
595 1214 894 1284 hujusmodi
920 1214 1043 1264 vero
1068 1213 1369 1283 hypothesis
1397 1213 1464 1263 ob
1492 1212 1744 1263 maximas
1772 1211 2116 1276 difficultates,
2157 1215 2343 1283 quibus
2371 1228 2448 1267 est

301 1303 547 1367 involuta,
595 1304 799 1356 admitti
838 1302 1050 1355 minime
1093 1313 1279 1372 potest.
1376 1301 1553 1354 Primo
1597 1302 1736 1353 enim
1779 1301 2033 1370 perpetuo
2065 1304 2211 1355 novis
2252 1306 2447 1358 viribus

303 1380 437 1442 esSet
462 1410 610 1460 opUS,
651 1411 769 1462 quae
794 1391 1062 1443 materiam
1089 1391 1328 1443 subtilem
1353 1390 1704 1441 indesinenter
1729 1389 1907 1441 versus
1937 1391 2112 1442 Solem
2140 1392 2448 1464 Lunamque

300 1482 568 1550 pellerent,
617 1481 716 1552 qua
768 1482 979 1552 quidem
1031 1501 1087 1534 re
1138 1482 1355 1552 quaestio
1403 1500 1509 1532 non
1560 1483 1807 1551 majorem
1851 1482 2022 1532 lucem
2072 1495 2446 1552 assequeretur.

301 1571 510 1623 Deinde
566 1571 681 1622 talis
735 1583 906 1623 motus
961 1590 1056 1640 per
1106 1589 1160 1623 se
1210 1570 1301 1622 diu
1350 1571 1630 1622 consistere
1672 1589 1779 1621 non
1829 1580 2019 1638 posset,
2065 1581 2280 1639 propter
2327 1590 2462 1641 per-⁴

307 1673 523 1731 petuum
559 1663 791 1714 materiae
828 1662 1028 1715 subtilis
1066 1662 1133 1714 ad
1170 1662 1350 1713 eadem
1374 1662 1490 1713 loca
1529 1660 1780 1713 affluxum
1823 1660 2126 1730 nullumque
2170 1663 2446 1726 refluxum,

301 1765 360 1806 ut
404 1765 664 1807 taceamus
715 1754 815 1807 alia
858 1755 1087 1806 maxima
1136 1753 1465 1806 incommoda
1514 1771 1632 1804 cum
1686 1751 1976 1804 istiusmodi
2024 1752 2281 1820 positione
2329 1771 2450 1821 per-

301 1846 481 1898 mixta.

375 1939 413 2002 ᾗ.
446 1943 529 1988 13.
572 1936 800 1989 Exclusa
841 1936 998 2008 igitur
1033 1938 1266 1989 materiae
1304 1933 1503 1989 subtilis
1541 1933 1786 1988 continua
1813 1934 2061 1998 allisione,
2102 1945 2347 2005 tanquam
2381 1934 2450 1985 ad

300 2023 436 2074 vires
475 2022 593 2076 clim
630 2025 697 2076 ad
738 2026 914 2078 Solem
940 2025 1053 2077 tum
1081 2026 1288 2078 Lunam
1313 2026 1584 2077 tendentes
1616 2023 1980 2094 producendas
2004 2024 2215 2075 minime
2242 2022 2446 2085 idonea,

307 2112 408 2163 alia
432 2112 617 2164 harum
642 2114 830 2165 virium
857 2133 1010 2166 causa
1033 2133 1140 2166 non
1167 2115 1490 2183 relinquitur,
1518 2113 1617 2163 nisi
1642 2130 1760 2182 quae
1785 2112 1840 2162 in
1865 2112 1915 2164 vi
1941 2112 2227 2182 centrifuga
2255 2112 2450 2163 consis-

299 2209 389 2251 tat.
470 2200 932 2262 Quemadmodum
970 2212 1144 2254 autem
1182 2202 1398 2253 materia
1435 2200 1635 2252 subtilis
1672 2200 1727 2250 in
1763 2218 1951 2270 gyrum
1977 2209 2090 2250 acta
2115 2219 2175 2250 ac
2199 2201 2450 2251 vorticem

299 2287 531 2338 formans
570 2307 678 2339 non
717 2287 887 2340 solum
922 2289 1095 2341 animo
1121 2290 1340 2358 concipi,
1378 2288 1470 2340 sed
1495 2288 1649 2340 etiam
1673 2288 1728 2338 in
1753 2287 1950 2338 mundo
1975 2288 2249 2355 persistere
2277 2299 2447 2358 queat,

297 2380 407 2446 jam
451 2378 572 2432 satis
614 2397 874 2449 superque
917 2389 994 2430 est
1036 2379 1347 2448 expositum,
1391 2377 1511 2429 cum
1560 2378 1615 2427 in
1654 2376 2113 2439 dissertationibus,
2168 2395 2287 2446 quae
2330 2376 2451 2429 clim

300 2472 520 2540 quaestio
547 2471 612 2522 de
639 2471 792 2522 causa
831 2472 1187 2543 gravitationis
1225 2472 1524 2542 agitaretur,
1563 2471 1741 2522 laudes
1767 2470 2124 2521 illustrissimae
2151 2472 2451 2523 Academiae

300 2563 651 2626 merebantur,
692 2561 805 2614 tum
844 2565 997 2614 etiam
1032 2565 1087 2614 in
1113 2563 1224 2615 aliis
1251 2564 1493 2632 operibus
1512 2582 1526 2625 3
1567 2564 1752 2632 quibus
1789 2563 1844 2613 in
1880 2563 2005 2615 locis
2033 2564 2185 2614 simul
2223 2565 2450 2618 dilucide

298 2661 376 2702 est
412 2660 693 2714 oste-nsum,
736 2652 1007 2721 quomodo
1046 2652 1297 2721 ejusmodi
1333 2653 1551 2703 vortices
1589 2661 1912 2720 comparatos
1957 2671 2067 2704 esse
2101 2664 2352 2721 oporteat,
2392 2665 2452 2707 ut

302 2743 436 2794 vires
475 2743 778 2814 centrifugae
815 2744 944 2795 fiant
981 2744 1244 2813 quadratis
1282 2743 1642 2795 distantiarum
1679 2763 1710 2794 a
1748 2752 1925 2794 centro
1950 2744 2158 2795 vorticis
2185 2745 2449 2814 reciproce

302 2836 739 2904 proportionales.
815 2835 953 2897 Quae
992 2855 1074 2886 res
1113 2834 1231 2886 cum
1269 2854 1386 2886 meo
1424 2835 1633 2905 quidem
1666 2834 1865 2903 judicio
1902 2835 2012 2903 jam
2049 2846 2156 2886 tam
2192 2835 2349 2903 plana
2385 2837 2451 2887 sit

299 2926 448 2990 facta,
478 2938 535 2978 ut
560 2929 650 2978 vix
677 2929 953 2997 quicquam
979 2928 1047 2978 ad
1071 2945 1301 3005 praesens
1328 2926 1618 2977 institutum
1645 2926 1865 2977 attinens
1892 2925 2044 2994 adjici
2081 2935 2249 2994 queat,
2290 2927 2448 2977 vorti-

299 3038 419 3070 cum
463 3019 696 3071 ulteriori
746 3019 972 3070 examini
1020 3019 1130 3069 sine
1183 3017 1290 3068 ulla
1333 3016 1656 3067 haesitatione
1700 3015 2121 3085 supersedemus3
2177 3015 2334 3085 idque
2383 3015 2446 3068 θὸ

302 3110 484 3179 magis,
523 3109 664 3179 quod
704 3108 1039 3160 celeberrima
1077 3106 1361 3158 Academia
1397 3106 1649 3175 ejusmodi
1692 3106 1917 3174 amplam
1960 3115 2114 3173 atque
2164 3103 2295 3156 adeo
2334 3106 2446 3174 jam

296 3200 583 3252 confectam
610 3200 984 3271 digressionem
1009 3197 1275 3266 postulare
1299 3196 1441 3247 haud
1466 3196 1716 3247 videatur.
1772 3194 2035 3256 Quoniam
2062 3194 2197 3245 enim
2225 3196 2444 3264 quaestio

300 3288 365 3338 de
392 3307 546 3342 causa
570 3288 836 3360 gravitatis
864 3288 983 3340 cum
1009 3285 1185 3339 versus
1213 3286 1435 3337 Terram
1459 3283 1571 3338 tum
1596 3286 1750 3338 etiam
1781 3283 1961 3337 versus
1990 3285 2163 3337 Solem
2190 3295 2241 3337 et
2263 3286 2443 3354 plane-

296 3387 373 3428 tas
401 3380 511 3446 jam
549 3380 670 3430 satis
709 3392 787 3430 est
822 3378 1127 3448 investigata
1163 3395 1223 3427 ac
1264 3376 1515 3438 diremta3
1567 3393 1706 3426 nunc
1742 3374 1966 3443 quidem,
2009 3374 2051 3424 si
2092 3375 2443 3445 cujuscunque

301 3466 635 3535 phaenomeni
678 3487 831 3520 causa
872 3466 935 3519 eo
978 3467 1133 3519 fuerit
1180 3467 1446 3536 perducta,
1496 3465 1690 3516 ibidem
1740 3464 2169 3534 acquiescendum
2217 3465 2437 3529 videtur,

296 3575 464 3627 neque
503 3569 675 3609 actum
713 3558 918 3629 agendo
956 3556 1129 3609 denuo
1154 3557 1209 3608 in
1236 3556 1386 3609 causa
1411 3555 1675 3627 gravitatis
1705 3555 2060 3627 investiganda
2086 3554 2305 3606 nimium
2342 3556 2438 3606 im-

293 3645 486 3697 morari
529 3647 851 3702 conveniret..
931 3646 1175 3715 Denique
1224 3645 1571 3714 inpraesenti
1613 3645 1823 3716 negotio
1873 3645 2105 3696 sufficere
2152 3654 2342 3713 posset,
2382 3644 2437 3696 ,si

296 3733 465 3787 aestfis‘
489 3734 645 3783 maris
684 3752 839 3784 causa
877 3734 1047 3786 adhuc
1085 3735 1238 3786 tantis
1277 3734 1500 3786 tenebris
1527 3734 1771 3785 obvoluta
1788 3734 1862 3785 ad
1887 3734 1985 3785 alia
2008 3732 2233 3784 maxime
2259 3741 2438 3800 aperta

293 3821 640 3891 phaenomena
665 3819 961 3886 reducatur,
1002 3841 1225 3893 quorum
1250 3840 1407 3875 causa
1431 3840 1537 3874 non
1564 3820 1732 3874 solum
1764 3821 1984 3874 habetur
2008 3817 2304 3889 probabiliS,
2344 3819 2437 3872 sed
