2528 4172
588 271 904 326 FLUXUS
946 272 1045 324 AC
1088 269 1512 324 REFLUXUS
1551 269 1815 322 MARIS.
2163 276 2266 323 255

128 416 283 467 etiam
328 435 444 487 quae
484 418 593 469 sola
637 418 702 468 sit
741 416 942 468 veritati
984 424 1342 477 consentanea,
1386 412 1678 483 cujusmodi
1720 420 1798 462 est
1836 410 2112 481 gravitatio
2162 410 2270 462 tam

125 504 303 558 versus
334 507 506 559 Solem
531 505 684 576 quam
710 506 932 557 Lunam.

194 601 232 662 ᾗ.
264 604 347 648 14.
389 597 612 648 Causam
637 596 794 666 igitur
817 593 989 646 fluxus
1015 612 1075 645 ac
1100 590 1327 645 refluxus
1352 592 1508 643 maris
1543 590 1839 659 proximam
1865 590 1918 640 in
1943 590 2079 641 binis
2104 590 2264 642 vorti-

124 686 267 737 cibus
304 688 532 738 materiae
570 686 836 755 cujusdam
872 684 1072 737 subtilis
1109 685 1437 745 collocamus,
1477 700 1699 752 quorum
1733 682 1863 733 alter
1894 682 2030 733 circa
2067 681 2258 744 Solem,

122 774 251 826 alter
275 775 398 826 vero
424 775 561 826 circa
599 776 807 827 Lunam
843 775 914 826 ita
940 776 1334 846 circumagatur,
1374 783 1434 825 ut
1472 773 1525 834 in
1552 782 1771 842 utroque
1795 773 1930 824 vires
1957 772 2260 844 centrifugae

120 862 417 915 decrescant
453 864 507 914 in
544 862 803 932 duplicata
842 862 1437 916 rationefdistantiarum
1476 881 1506 912 a
1540 871 1719 913 centro
1743 862 1950 913 vorticis
1967 881 1981 922 3
2021 879 2137 931 quae
2173 862 2259 913 lex

117 952 192 1003 vis
220 953 518 1024 centrifugae
543 954 875 1016 obtinebitur,
905 954 948 1004 si
984 953 1214 1005 materiae
1240 950 1439 1002 subtilis
1466 950 1716 1001 vorticem
1741 951 2097 1001 constituentis
2125 951 2256 1002 cele-

115 1042 237 1092 ritas
275 1051 525 1094 statuatur
561 1052 737 1094 tenere
772 1043 1027 1094 rationem
1052 1042 1371 1109 reciprocam
1397 1039 1811 1107 subduplicatam
1837 1040 2199 1092 distantiarum
2225 1061 2255 1092 a

115 1142 292 1183 centro
317 1133 539 1184 vorticis.
620 1133 962 1204 Quaecunque
998 1134 1158 1204 igitur
1195 1150 1415 1201 corpora
1451 1132 1504 1182 in
1542 1133 1832 1184 istiusmodi
1865 1133 2059 1185 vortice
2084 1133 2255 1201 posita

112 1222 178 1273 ad
216 1223 324 1290 ejus
363 1233 597 1274 centrum
632 1224 891 1292 pellentur
925 1224 976 1275 vi
1012 1222 1382 1284 acceleratrice,
1420 1240 1536 1290 quae
1560 1221 1755 1290 pariter
1780 1239 1839 1272 ac
1865 1221 1940 1272 vis
1966 1221 2253 1293 centrifuga

112 1314 372 1383 quadratis
410 1315 767 1366 distantiarum
793 1313 1057 1383 reciproce
1091 1324 1169 1366 est
1204 1312 1621 1383 proportionalis.
1699 1311 1792 1363 Vis
1819 1312 2053 1363 absoluta
2079 1323 2251 1365 autem

110 1403 210 1474 qua
248 1423 434 1474 corpus
472 1406 752 1475 quodpiam
788 1406 842 1457 in
877 1404 997 1457 data
1040 1403 1282 1456 distantia
1321 1422 1352 1454 a
1385 1412 1563 1454 centro
1602 1401 1806 1453 vorticis
1844 1402 2152 1454 collocatum
2186 1403 2248 1455 eo

107 1503 337 1563 urgetur,
365 1494 558 1563 pendet
583 1514 614 1545 a
639 1494 898 1546 celeritate
923 1494 1153 1545 materiae
1179 1492 1379 1544 subtilis
1404 1490 1656 1542 absoluta.
1715 1492 1797 1543 Ac
1821 1490 1993 1560 primo
2018 1493 2244 1562 quidem,

107 1585 247 1653 quod
284 1584 351 1635 ad
388 1586 635 1637 vorticem
672 1586 809 1637 circa
847 1586 1021 1638 Solem
1045 1594 1270 1636 rotatum
1296 1583 1491 1645 attinet,
1532 1583 1639 1652 ejus
1664 1581 1741 1633 vis
1767 1582 2002 1633 absoluta
2026 1601 2092 1635 ex
2117 1594 2245 1635 tem-

103 1692 234 1743 pore
277 1675 459 1727 Terrae
500 1676 766 1746 periodico
810 1696 928 1730 cum
972 1676 1211 1729 distantia
1256 1676 1486 1746 ejusdem
1530 1695 1561 1727 a
1606 1675 1726 1729 Sole
1765 1685 2065 1744 comparato
2102 1686 2246 1728 tanta

106 1766 381 1837 colligitur,
421 1777 480 1818 ut
517 1786 720 1837 corpus,
761 1769 904 1838 cujus
943 1767 1183 1820 distantia
1207 1787 1239 1818 a
1264 1775 1442 1819 centro
1480 1766 1614 1818 Solis
1640 1765 1853 1836 aequalis
1880 1775 1956 1817 est
1982 1766 2244 1817 semi-dia-

100 1868 268 1909 metro
309 1858 507 1921 Terrae,
554 1858 616 1911 eo
660 1859 960 1911 sollicitetur
1000 1860 1068 1922 vi,
1116 1877 1233 1929 quae
1276 1858 1340 1909 sit
1385 1863 1595 1912 227512
1634 1856 1831 1908 vicibus
1866 1857 2045 1925 major,
2087 1856 2243 1926 quam

106 1955 181 1997 est
217 1947 443 2017 gravitas
481 1949 728 2000 naturalis
754 1949 808 2000 in
834 1949 1105 2017 superficie
1132 1949 1331 1999 Terrae.
1410 1947 1695 1998 Metiemur
1721 1956 1892 1999 autem
1916 1947 2051 1998 hanc
2076 1949 2242 2016 ipsam

99 2055 204 2087 v11n
242 2038 532 2090 absolutam
570 2041 815 2110 cujusque
850 2040 1074 2103 vorticis,
1113 2057 1208 2108 per
1246 2038 1364 2101 vim,
1406 2056 1561 2107 quam
1598 2037 1735 2089 idem
1768 2047 1951 2088 vortex
1986 2037 2152 2088 exerit
2187 2038 2242 2089 in

100 2126 339 2181 distantia
361 2149 392 2181 a
412 2148 505 2181 suo
532 2141 708 2183 centro
734 2132 1140 2184 semi—diametro
1161 2132 1343 2183 Terrae
1363 2131 1578 2200 aequali:
1607 2150 1672 2182 ex
1693 2150 1796 2201 quo
1815 2131 1857 2182 si
1877 2132 1953 2182 vis
1974 2132 2239 2202 gravitatis

100 2221 353 2272 terrestris
391 2221 689 2292 designetur
724 2240 819 2291 per
860 2229 905 2285 l,
948 2223 1044 2274 erit
1068 2223 1144 2273 vis
1170 2221 1405 2273 absoluta
1438 2221 1571 2272 Solis
1618 2241 1669 2268 =
1703 2226 1932 2284 227512,
1973 2223 2116 2292 cujus
2142 2242 2238 2274 nu-

98 2311 229 2361 meri
265 2312 386 2363 loco
422 2313 684 2365 brevitatis
722 2314 886 2385 gratia
922 2325 1127 2366 utemur
1164 2313 1332 2365 littera
1376 2314 1429 2366 S.
1508 2313 1673 2365 Simili
1707 2314 1866 2365 modo
1899 2315 2002 2365 vim
2029 2316 2237 2367 vorticis

100 2399 307 2451 Lunam
346 2401 597 2471 cingentis
635 2403 920 2470 absolutam
958 2403 1298 2454 indicabimus
1335 2401 1502 2453 littera
1543 2402 1607 2464 L,
1647 2403 1789 2471 cujus
1815 2403 2043 2455 valorem
2082 2405 2238 2456 New-

94 2507 248 2544 tonus
287 2493 426 2545 recte
465 2494 584 2546 cum
622 2515 687 2547 ex
725 2497 838 2565 ipso
874 2497 1022 2547 fluxu
1059 2514 1119 2547 ac
1156 2496 1359 2546 refluxu
1395 2493 1567 2554 maris,
1600 2490 1712 2543 tum
1738 2491 1895 2541 etiam
1924 2511 1990 2543 ex
2014 2511 2237 2561 praeces-

94 2581 237 2633 sione
281 2583 706 2651 aequinoctiorum
748 2584 1071 2635 constituisse
1110 2583 1312 2634 videtur
1347 2580 1546 2633 circiter
1593 2580 1674 2644 74:¹6·
1754 2578 1933 2639 Quare
1953 2580 2025 2642 si,
2065 2581 2234 2649 posita

94 2671 276 2723 Terrae
315 2674 721 2725 semi-diametro
769 2696 819 2722 ·.:
859 2682 905 2738 1,
948 2674 1176 2743 corporis
1216 2672 1483 2742 cujusdam
1521 2689 1550 2721 a
1587 2678 1766 2721 centro
1797 2669 1930 2720 Solis
1957 2670 2038 2720 vel
2065 2671 2233 2722 Lunae

93 2760 335 2812 distantia
359 2763 515 2814 fuerit
538 2783 591 2826 x,
633 2764 730 2815 erit
754 2765 846 2827 viS,
888 2763 988 2834 qua
1014 2764 1067 2815 id
1095 2782 1283 2831 corpus
1309 2762 1390 2812 vel
1415 2760 1481 2812 ad
1511 2760 1684 2812 Solem
1711 2758 2012 2826 sollicitatur
2048 2761 2129 2812 vel
2167 2762 2235 2813 ad

92 2882 313 2947 Lunam,
341 2885 423 2937 vel
458 2906 509 2933 =
545 2854 629 2934 „IL
656 2885 738 2937 vel
773 2907 824 2934 =
865 2856 965 2949 Ξ,
1005 2887 1079 2938 uti
1113 2905 1180 2937 ex
1216 2885 1390 2936 indole
1423 2882 1612 2934 horum
1638 2880 1891 2932 vorticum
1916 2899 2083 2949 prona
2108 2902 2232 2935 con-

543 2958 632 2990 xx
860 2958 950 2991 xx
1698 2976 1700 2979 v

92 3029 353 3096 sequentia
394 3029 522 3081 fluit.
600 3030 665 3082 In
712 3030 793 3081 his
838 3030 1046 3100 quidem
1090 3029 1375 3080 litterarum
1428 3027 1465 3079 S
1514 3034 1565 3076 et
1615 3023 1664 3075 L
1714 3022 2228 3079 determinationibus

91 3119 425 3170 assumsimus
461 3119 687 3189 mediam
726 3120 860 3172 Solis
899 3140 930 3171 a
965 3120 1133 3170 Terra
1169 3117 1464 3170 distantiam
1502 3120 1677 3177 20620
1705 3113 2228 3174 semi-diametrorum

91 3206 288 3270 Terrae,
329 3226 446 3277 quae
484 3228 549 3260 ex
583 3210 836 3277 parallaxi
872 3209 1178 3261 horizontali
1220 3210 1318 3261 10''
1353 3207 1598 3276 sequitur,
1639 3205 1807 3257 Lunae
1832 3204 1956 3255 vero
1993 3226 2023 3257 a
2059 3208 2234 3267 Terra¹⁴

88 3294 382 3346 distantiam
407 3297 630 3348 mediam
668 3306 736 3351 60
774 3298 1294 3350 semi-diametrorum
1320 3297 1534 3356 Terrae3
1571 3294 1776 3344 interim
1803 3303 1975 3346 tamen
2001 3296 2132 3348 vires
2158 3298 2222 3349 ad

87 3402 230 3436 mare
253 3387 568 3438 movendum
603 3387 726 3440 hinc
752 3398 880 3440 ortae
907 3388 971 3440 ab
997 3387 1075 3440 his
1100 3386 1474 3458 hypothesibus
1500 3402 1607 3435 non
1631 3382 1876 3452 pendent,
1904 3385 1980 3436 uti
2006 3404 2223 3457 sequen-

85 3474 222 3527 tibus
247 3476 458 3544 patebit.

160 3570 197 3632 ᾗ.
230 3574 311 3618 15.
359 3568 623 3629 Quoniam
665 3572 822 3642 igitur
863 3584 1049 3645 aestum
1086 3574 1242 3625 maris
1282 3591 1376 3642 per
1416 3573 1565 3625 binas
1605 3572 1754 3634 vireS,
1799 3590 2019 3642 quarum
2063 3574 2223 3626 altera

88 3656 262 3708 Solem
299 3659 521 3727 respicit,
563 3661 723 3713 altera
761 3648 982 3728 Lunam,
1023 3683 1200 3717 sumus
1237 3663 1540 3732 exposituri,
1580 3661 1726 3713 facile
1749 3662 1915 3714 videri
1952 3682 2218 3731 possemus

85 3746 301 3799 eandem
337 3750 549 3801 omnino
587 3753 981 3820 explicationem
1018 3756 1293 3824 suscipere,
1332 3774 1487 3824 quam
1525 3754 1807 3806 Newtonus
1841 3755 1987 3807 dedit
2023 3756 2077 3805 in
2114 3756 2218 3806 suis

89 3832 363 3905 Principiis
403 3838 786 3894 Mathematicis
826 3843 1178 3913 Philosophiae
1216 3843 1495 3900 Naturalis,
1571 3841 1806 3896 Primum
1832 3853 2006 3894 autem
2032 3853 2217 3894 notan-

52 3929 55 3932 *
1109 3933 1146 3970 T
1166 3937 1189 3969 2
