2528 4172
221 264 325 309 234
625 259 1068 324 INQUISITIO
1110 258 1453 312 PHYSICA
1490 257 1571 310 IN
1615 252 1938 309 CAUSAM

219 396 530 451 servationes
571 395 703 445 ratio
742 393 933 462 poterit
975 392 1194 444 inveniri
1246 393 1383 444 inter
1425 392 1554 445 vires
1602 392 1736 446 Solis
1778 402 1831 445 et
1881 391 2050 445 Lunae
2092 391 2352 443 absolutas

221 490 259 541 S
284 500 335 541 et
361 490 425 552 L,
455 506 572 558 quae
597 498 675 539 est
699 487 812 555 ipsa
836 488 918 538 via
944 486 1046 557 qua
1088 486 1371 539 Newtonus
1391 482 1477 540 'est
1499 507 1623 540 usus
1648 488 1716 539 ad
1739 488 1845 539 vim
1870 486 2040 539 Lunae
2066 486 2354 538 absolutam

218 577 582 637 definiendam,
624 572 744 626 cum
767 575 843 627 vis
873 575 1007 628 Solis
1039 576 1105 627 sit
1140 576 1380 646 cognita:
1422 577 1562 645 quod
1585 574 2017 648 negotium,'cum
2042 595 2073 626 a
2099 575 2354 626 Newtono

218 683 325 715 non
352 663 469 714 satis
496 661 733 713 aecurate
760 662 825 714 sit
848 672 1235 732 pertractatum,
1273 681 1369 714 nos
1405 663 1461 715 id
1486 683 1553 716 ex
1576 665 1685 716 istis
1710 664 1977 734 principiis
2004 664 2353 733 expediemus,

221 755 498 822 Exprimat
533 754 693 824 igitur
729 773 784 805 m
818 769 831 807 ε
867 773 905 805 11
929 755 1182 805 rationem
1219 753 1608 806 intervallorum
1633 773 1829 818 eorum,
1868 772 1966 822 per
1991 772 2107 824 quae
2133 764 2354 805 oceanus

215 846 271 896 in
314 845 436 895 dato
480 844 666 896 Terrae
715 844 849 907 1000,
913 842 1032 896 cum
1081 845 1137 895 in
1188 843 1407 914 syzygiis
1451 844 1783 896 luminarium
1826 862 1987 913 quum
2032 843 2356 913 quadraturis

215 944 448 1001 tempore
483 932 931 1003 aequinoctiorum,
971 931 1300 998 ascendendo
1324 931 1789 1001 descendendoque
1827 930 2120 993 oscillatur3
2159 932 2357 1002 eritque

215 1069 316 1107 m
353 1017 1970 1157 11=³1³10(2-{-³÷2—11;-2)—L-“’—‘¹-—S³-³3-22-
2010 1022 2261 1155 ³28?
2291 1070 2358 1104 εκ

1333 1192 1535 1254 P‘t'Q2
2137 1196 2175 1247 S
2270 1194 2319 1246 L

217 1249 319 1300 qua
345 1227 549 1280 elicitur
572 1228 672 1279 ista
705 1226 976 1296 proportio
1001 1244 1054 1276 m
1084 1205 1210 1325 (q2
1247 1244 1301 1296 4

1390 1275 1474 1344 Ρ2
2122 1281 2189 1331 33
2254 1281 2326 1331 b⁶

2291 1369 2340 1420 L

217 1423 285 1456 ex
309 1422 411 1474 qua
436 1420 556 1454 cum
583 1401 703 1454 data
728 1401 793 1453 sit
815 1401 891 1453 vis
919 1420 949 1454 a
989 1401 1109 1453 Sole
1135 1409 1248 1452 orta
1400 1398 1675 1451 deducitur
1698 1400 1774 1452 vis
1800 1419 1831 1451 a
1856 1400 2008 1452 Luna
2034 1401 2252 1453 oriunda
2273 1442 2359 1482 “‘3

1272 1437 1363 1498 a3’

218 1546 405 1598 saltem
446 1542 704 1613 proxime.
798 1543 1134 1595 Instituamus
1173 1541 1428 1593 calculum
1470 1541 2052 1609 pro·observationibus
2095 1543 2150 1594 in
2196 1543 2361 1594 Portu

222 1633 423 1687 Gratiae
451 1632 661 1701 (Havre
686 1631 752 1683 de
781 1631 976 1696 Grace)
1003 1630 1165 1693 factis,
1197 1648 1263 1681 ex
1291 1629 1476 1699 quibus
1502 1628 1775 1699 diligenter
1801 1631 1935 1682 inter
1963 1650 2017 1682 se
2043 1631 2239 1682 collatis
2263 1649 2361 1701 pro

219 1724 425 1776 ratione
462 1741 516 1773 m
563 1736 576 1774 ζ
625 1740 661 1771 11
697 1720 881 1789 prodit.
908 1720 1005 1771 ista
1046 1725 1109 1774 17
1146 1733 1159 1772 Ζ
1202 1725 1282 1769 11.
1362 1716 1497 1769 Cum
1534 1716 1691 1787 igitur
1713 1717 1866 1787 hujus
1890 1718 1991 1770 loci
2017 1719 2232 1770 elevatio
2254 1718 2363 1788 poli

222 1813 288 1864 sit
325 1811 528 1863 circiter
554 1809 659 1861 500.
687 1810 785 1860 erit
822 1808 949 1860 P—
891 1834 949 1855 =
977 1808 1073 1859 sin.
1103 1805 1208 1860 50⁰.
1238 1816 1290 1858 et
1317 1805 1450 1867 Q—
1394 1843 1450 1851 -
1478 1803 1572 1856 sin.
1600 1802 1706 1856 23⁰.
1735 1806 1872 1867 2923
1909 1804 2135 1875 hincque
2170 1825 2204 1876 q
2232 1825 2268 1876 q
2300 1814 2353 1869 -Ι-

224 1900 442 2055 1³51?ss
468 1959 525 1982 =
556 1940 602 1996 1,
608 1940 780 1985 0668:
828 1950 894 1984 ex
920 1949 1024 2003 quo
1047 1897 1615 2035 prodibit-St·51:5=
1642 1934 1835 1993 7,1356
1882 1945 1896 1984 z
1947 1936 2049 1993 2813
2086 1930 2158 1981 ita
2194 1941 2253 1982 ut
2286 1931 2363 1982 vis

221 2108 392 2160 Lunae
420 2077 512 2213 ἐξ)
536 2111 602 2163 sit
625 2108 732 2163 fere
759 2109 1050 2181 quadrupla
1074 2108 1150 2161 vis
1181 2107 1314 2161 Solis
1341 2075 1432 2212 {87³⁹
1460 2115 1519 2159 ut
1535 2106 1646 2176 jam
1671 2105 1956 2162 Newtonus
1976 2123 2042 2161 'ex
2060 2109 2169 2161 aliis
2188 2108 2364 2162 obser-

221 2250 512 2303 vationibus
541 2251 795 2304 conclusit
815 2272 826 2304 :
856 2261 1010 2322 atque
1035 2250 1173 2303 hanc
1199 2249 1267 2302 ob
1287 2267 1398 2302 rem
1421 2248 1583 2321 ipsius
1603 2248 2082 2304 determinationem
2101 2250 2176 2303 vis
2198 2251 2366 2303 Lunae

223 2338 476 2390 absolutae
504 2339 553 2391 L
578 2340 900 2392 retinuimus·

295 2434 333 2495 ᾗ.
364 2437 447 2482 56.
493 2431 551 2482 Si
574 2419 707 2494 haec,
738 2450 855 2501 quae
892 2430 958 2482 de
995 2430 1377 2482 combinatione
1400 2429 1588 2481 virium
1617 2428 1823 2482 Lunam
1852 2430 2129 2513 Solemque
2155 2430 2367 2498 respici-

226 2517 429 2567 entibus
468 2528 588 2570 sunt
625 2519 795 2581 allata,
836 2517 1077 2570 attentius
1115 2518 1524 2580 considerentur,
1562 2536 1688 2568 mox
1711 2518 1909 2586 patebit
1931 2519 2186 2570 maximos
2211 2527 2366 2569 aestus

224 2615 518 2657 menstruos
544 2607 599 2658 in
622 2608 888 2659 novilunia
924 2626 985 2659 30
1020 2607 1304 2676 plenilunia
1336 2606 1564 2657 incidere
1590 2605 1811 2667 debere3
1849 2606 1931 2657 his
1959 2607 2097 2658 enim
2122 2608 2367 2676 tempori-

225 2695 322 2745 bus
351 2705 456 2746 tam
481 2696 698 2749 elevatio
724 2715 873 2768 aquae
900 2696 1055 2767 quam
1080 2696 1344 2766 depressio
1369 2715 1400 2746 a
1426 2695 1580 2747 Luna
1605 2694 1825 2745 oriunda
1849 2713 1880 2744 a
1904 2695 1956 2745 vi
1985 2695 2118 2747 Solis
2143 2696 2366 2748 maxime

226 2785 514 2854 adjuvatur,
545 2785 664 2838 cum
689 2787 874 2840 eodem
898 2797 1149 2857 tempore,
1190 2805 1294 2858 quo
1329 2786 1482 2838 Luna
1510 2804 1698 2856 aquam
1721 2785 1947 2837 maxime
1980 2786 2062 2838 vel
2098 2787 2262 2839 elevat
2287 2787 2370 2839 vel

227 2875 488 2943 deprimit,
518 2877 672 2928 simul
710 2897 916 2948 quoque
945 2879 1080 2931 Solis
1105 2879 1180 2930 vis
1208 2897 1397 2948 aquam
1421 2876 1646 2929 maxime
1682 2878 1764 2930 vel
1800 2879 1964 2931 elevat
1987 2877 2070 2930 vel
2096 2879 2365 2947 deprimat.

229 2964 293 3014 In
331 2964 658 3033 quadraturis
680 2974 869 3018 >autem
904 2966 990 3018 hae
1027 2967 1146 3019 duae
1183 2967 1316 3018 vires
1353 2965 1460 3019 fere
1496 2965 1749 3035 perpetuo
1786 2967 2109 3030 dissentiunt,
2149 2985 2209 3018 ac
2242 2966 2368 3018 dum

230 3050 383 3102 Luna
419 3071 605 3123 aquam
641 3053 866 3106 maxime
902 3055 985 3107 vel
1022 3055 1186 3107 elevat
1220 3055 1303 3106 vel
1339 3054 1597 3123 deprimit,
1637 3054 1821 3106 eodem
1856 3069 2089 3124 tempore
2128 3054 2219 3107 Sol
2245 3073 2369 3107 con-

228 3144 443 3195 trarium
480 3147 646 3197 exerit
682 3146 939 3210 effectum,
980 3165 1269 3216 aquamque
1305 3145 1531 3198 maxime
1569 3146 1651 3198 vel
1687 3146 1931 3214 deprimit
1955 3147 2037 3197 vel
2082 3146 2263 3210 elevat,
2302 3164 2369 3198 ex

232 3249 335 3300 quo
359 3233 630 3285 minimum
656 3234 933 3286 discrimen
958 3235 1092 3286 inter
1117 3252 1374 3305 quemque
1397 3234 1597 3285 fluxum
1616 3252 1676 3285 ac
1696 3233 2092 3302 subsequentem
2113 3234 2369 3285 refluxum

229 3323 601 3388 observabitur,
645 3337 904 3397 aestusque
948 3337 1099 3379 erunt
1140 3326 1358 3377 minimi.
1454 3325 1810 3387 Quamobrem
1853 3326 1991 3377 circa
2031 3325 2156 3378 alias
2200 3326 2369 3377 Lunae
2415 3316 2419 3319 χ

227 3410 415 3479 phases
455 3425 609 3466 aestus
646 3416 803 3467 maris
836 3416 1068 3468 medium
1096 3425 1268 3468 teneat
1292 3415 1427 3466 inter
1450 3414 1735 3465 maximum
1760 3408 2136 3485 minimumque
2159 3434 2368 3470 necesse

230 3510 323 3563 est,
365 3503 485 3570 quia
520 3514 631 3556 tum
666 3507 801 3559 vires
832 3507 966 3559 Solis
992 3525 1052 3559 ac
1080 3507 1248 3558 Lunae
1272 3524 1369 3557 nec
1394 3503 1605 3556 omnino
1632 3506 1946 3574 conspirant,
1984 3525 2082 3558 nec
2108 3507 2204 3559 sibi
2238 3508 2369 3558 invi-

229 3607 340 3640 cem
366 3590 717 3645 adversantur.
796 3596 900 3647 Per
924 3606 1092 3647 totum
1117 3607 1288 3648 autem
1314 3612 1507 3647 annum
1533 3595 1719 3665 quibus
1745 3595 2020 3647 noviluniis
2045 3597 2365 3665 pleniluniis—

230 3698 330 3747 que
355 3681 610 3732 maximus
638 3686 837 3737 eveniat
862 3697 1035 3750 aestus,
1064 3687 1353 3756 quibusque
1373 3685 1698 3755 quadraturis
1717 3687 1960 3738 minimus
1979 3698 2133 3739 aestus
2153 3684 2366 3757 respon-

230 3766 363 3829 deat,
404 3767 635 3819 absolute
673 3770 782 3821 sine
818 3771 1055 3841 respectu
1096 3773 1163 3825 ad
1200 3774 1355 3825 situm
1391 3772 1493 3824 loci
1528 3771 1706 3826 habito
1742 3773 1947 3826 definiri
1982 3775 2175 3845 nequit.
2254 3775 2364 3827 Sub

1606 1240 2398 1309 —11:m÷n=.-:..-;.
2454 1220 2512 1237 ’“

2502 3650 2528 3791 {i

2517 3806 2528 3838 4
