2528 4172
267 295 283 304 Χ
304 261 371 305 94
798 255 1366 309 PH1LOSOPHIAE
1405 257 1859 310 NATURALIS
1915 259 2033 324 [DE
2064 260 2266 312 Mum).
2293 262 2446 313 SYs'r.

302 396 593 448 recedendo
618 397 683 448 ab
708 408 970 466 aequatore
1006 398 1185 465 polum
1212 417 1404 462 versus,
1434 400 1645 452 effectus
1673 419 1794 452 suos
1818 401 2077 471 gradatim
2103 403 2354 464 amittent,
2396 413 2447 453 et

301 498 579 556 propterea
615 489 840 537 minores
879 488 1089 540 ciebunt
1124 501 1278 541 aestus
1316 491 1367 540 in
1397 492 1614 561 syzygiis
1642 492 1995 543 solstitialibus
2025 491 2180 562 quam
2205 494 2258 543 in
2285 494 2446 562 aequi-

302 579 621 629 noctialibus.
700 577 764 627 In
802 579 1128 646 quadraturis
1167 591 1340 631 autem
1379 582 1735 646 solstitialibus
1773 585 1994 652 majores
2042 584 2252 634 ciebunt
2292 594 2445 635 aestus

302 666 457 736 quam
494 667 544 716 in
585 665 912 735 quadraturis
949 667 1408 735 aequinoctialibUS,
1450 688 1511 720 eo
1549 670 1690 739 quod
1730 670 1900 722 Lunae
1937 673 2048 739 jam
2092 671 2147 721 in
2184 683 2448 740 aequatore

236 748 239 750 ’
300 757 591 808 constitutae
619 756 827 807 effectus
853 757 1079 808 maxime
1106 769 1315 825 superat
1340 759 1578 810 effectum
1609 761 1758 813 Solis.
1836 762 2084 813 Incidunt
2109 762 2267 833 igitur
2293 775 2445 814 aestus

297 845 509 895 maximi
546 846 600 894 in
638 845 868 915 syzygias
907 856 958 896 et
982 847 1181 897 minimi
1215 848 1269 897 in
1297 848 1640 917 quadraturas
1667 850 2019 914 luminarium,
2050 853 2185 903 circa
2211 862 2447 920 tempora

296 935 593 1004 aequinoctii
619 936 901 1005 utriusque.
979 937 1050 988 Et
1073 947 1258 988 aestum
1284 940 1575 991 maximum
1609 941 1662 991 in
1691 943 1911 1014 syzygiis
1942 945 2216 995 comitatur
2242 963 2447 1012 semper

293 1025 536 1076 minimus
578 1026 631 1075 in
676 1025 1018 1095 quadraturis,
1058 1036 1116 1078 ut
1153 1028 1469 1095 experientia
1510 1041 1834 1098 compertum
1874 1042 1970 1084 est.
2051 1033 2155 1084 Per
2190 1033 2445 1084 minorem

292 1127 463 1165 autem
490 1115 783 1167 distantiam
813 1116 946 1168 Solis
972 1137 1004 1167 a
1030 1117 1213 1180 Terra,
1242 1128 1349 1168 tam
1374 1128 1610 1187 tempore
1636 1119 1877 1189 hyberno
1906 1122 2064 1193 quam
2090 1132 2322 1192 tempore
2348 1142 2444 1174 aes-

292 1205 412 1266 tivo,
454 1205 517 1256 sit
554 1215 611 1255 ut
637 1215 791 1256 aestus
830 1205 1043 1256 maximi
1069 1215 1120 1256 et
1153 1206 1353 1256 minimi
1391 1206 1579 1275 saepius
1605 1209 1912 1275 praecedant
1936 1212 2304 1282 aequinoctium
2330 1231 2445 1263 ver-

290 1314 414 1345 num
441 1293 595 1364 quam
622 1305 916 1364 sequantur,
947 1306 999 1346 et
1024 1296 1209 1362 saepius
1236 1306 1516 1365 sequantur
1542 1298 1846 1349 autumnale
1874 1298 2030 1368 quam
2056 1300 2371 1369 praecedant.

365 1384 602 1436 Pendent
639 1385 793 1436 etiam
830 1384 1039 1435 effectus
1078 1384 1410 1435 luminarium
1448 1404 1514 1435 ex
1552 1385 1793 1436 locorum
1819 1387 2111 1439 latitudine.
2187 1388 2447 1459 Designet

290 1477 339 1527 A
366 1494 400 1543 p
430 1475 476 1526 E
510 1475 549 1525 P
577 1475 845 1526 Tellurem
872 1476 1018 1544 aquis
1044 1474 1316 1543 profundis
1343 1475 1573 1545 undique
1602 1487 1904 1545 coopertam
1919 1499 1934 1542 3
1966 1479 2011 1530 C
2039 1489 2276 1532 centrum
2304 1481 2443 1548 ejus3

292 1567 350 1627 P,
381 1584 414 1633 p
441 1564 618 1632 polos3
650 1566 693 1615 A
729 1565 774 1615 E
801 1575 1148 1634 aequatorem3
1181 1566 1224 1617 F
1249 1565 1422 1616 locum
1448 1584 1624 1635 quem-

287 1656 361 1705 vis
406 1666 554 1706 extra
597 1664 942 1723 aequatorem3
1000 1655 1043 1705 F
1084 1655 1112 1705 f
1150 1655 1454 1723 parallelum
1494 1656 1624 1716 loci3

286 1746 340 1796 D
386 1745 421 1795 d
461 1744 766 1812 parallelum
812 1746 859 1795 ei
903 1744 1304 1813 respondentem
1354 1764 1421 1795 ex
1465 1745 1626 1797 altera

284 1846 430 1904 parte
467 1835 741 1904 aequatoris
757 1855 771 1896 3
813 1835 859 1886 L
896 1834 1069 1886 locum
1096 1854 1250 1905 quem
1279 1835 1432 1885 Luna
1457 1835 1622 1886 tribus

285 1936 404 1976 ante
448 1925 589 1976 horis
632 1926 947 1994 occupabat3
993 1926 1053 1976 H
1098 1926 1271 1976 locum
1310 1925 1541 1977 Telluris
1580 1926 1628 1977 ei

284 2015 783 2084 perpendiculariter
833 2015 1147 2083 subjectum3
1208 2015 1245 2065 h
1294 2015 1465 2066 locum
1509 2016 1630 2067 huic

1976 2056 2090 2096 kM

285 2107 610 2174 oppositum3
652 2105 721 2167 K,
762 2105 799 2155 k
835 2105 950 2156 loca
986 2105 1106 2156 inde
1143 2104 1389 2175 gradibus
1415 2113 1483 2157 90
1508 2106 1632 2156 ,dis-

292 2195 472 2257 tantia,
506 2195 550 2246 C
575 2194 651 2256 H,
679 2182 723 2246 C
744 2193 780 2244 h
805 2194 961 2245 maris
988 2194 1283 2245 altitudines
1309 2193 1562 2245 maximas
1587 2206 1909 2247 mensuratas
1935 2216 1966 2247 a
1991 2209 2170 2249 centro
2192 2199 2417 2252 Telluris
2426 2220 2441 2262 3

294 2296 345 2336 et
376 2287 430 2338 ·C
462 2286 541 2348 Κ,
573 2287 631 2337 C
668 2286 705 2336 k
743 2286 1039 2338 altitudines
1077 2285 1344 2336 minimas:
1388 2295 1439 2336 et
1476 2286 1519 2336 si
1557 2286 1739 2336 axibus
1780 2286 1841 2337 H
1865 2286 1918 2348 h,
1963 2287 2015 2338 K
2049 2288 2085 2338 k
2122 2288 2444 2341 describatur

289 2376 500 2443 ellipsis,
525 2375 730 2426 *deinde
769 2376 1004 2444 ellipseos
1043 2376 1196 2445 hujus
1233 2377 1555 2427 revolutione
1582 2377 1719 2428 circa
1744 2396 1893 2428 axem
1918 2380 2166 2448 majorem
2203 2381 2264 2432 H
2290 2382 2326 2432 h
2353 2382 2442 2433 de-

291 2464 550 2514 scribatur
576 2463 828 2531 sphaerois
858 2463 918 2514 H
950 2463 994 2514 P
1029 2464 1080 2515 K
1106 2464 1141 2513 h
1167 2483 1202 2531 p
1229 2464 1293 2525 k3
1333 2463 1623 2533 designabit
1647 2464 1761 2515 haec
1780 2466 1844 2533 (Π)
1864 2465 2085 2535 figuram
2112 2468 2267 2519 mariS
2288 2487 2442 2536 quam

288 2552 543 2624 proxime,
574 2563 624 2604 et
649 2564 801 2605 erunt
831 2552 875 2604 C
895 2552 954 2615 F,
990 2552 1033 2603 C
1052 2552 1086 2614 f,
1117 2553 1166 2604 C
1189 2553 1261 2615 D,
1292 2553 1340 2604 C
1358 2552 1392 2604 d
1419 2552 1713 2603 altitudines
1738 2554 1894 2604 maris
1920 2555 1973 2604 in
2000 2554 2125 2606 locis
2156 2555 2214 2619 F,
2236 2555 2269 2618 f,
2294 2556 2364 2619 D,
2388 2557 2437 2608 d.

1392 2712 1483 2736 nem
1520 2713 1609 2737 cum
1647 2707 1778 2738 centro
1814 2699 1934 2749 ipsius
1973 2701 2114 2738 Terrae.
2191 2701 2283 2740 Jam
2321 2700 2369 2738 sit
2405 2701 2450 2738 C·

1393 2761 1582 2801 punctum
1612 2753 1783 2790 Telluris
1801 2754 1913 2803 cujus
1932 2754 2057 2791 zenith
2081 2754 2197 2791 Luna
2223 2753 2435 2800 immineat,

1398 2808 1435 2843 A
1467 2805 1556 2844 vero
1589 2814 1779 2854 punctum
1811 2807 2042 2855 oppositum,
2078 2807 2228 2857 sintque
2263 2808 2298 2845 B
2327 2815 2365 2844 et
2395 2808 2435 2844 D

1392 2866 1538 2907 puncta
1566 2859 1846 2908 circumposita,
1876 2859 1953 2898 sive
1981 2859 2109 2908 potius
2136 2859 2340 2897 exhibeant
2364 2859 2437 2896 cir-

340 2699 401 2750 (n)
437 2703 521 2738 106.
563 2702 582 2723 *
619 2702 817 2751 Figuram
852 2701 971 2738 ‘maris
1001 2714 1119 2750 quam
1154 2699 1335 2749 proxime}-

295 2752 476 2789 Circulus
493 2759 627 2789 centro
657 2755 693 2791 T
721 2752 934 2801 descriptus
956 2753 991 2790 T
993 2753 1154 2790 ellurem
1173 2755 1338 2799 reserat;

291 2806 459 2842 circulus
495 2813 626 2843 autem
664 2815 796 2844 centro
845 2806 879 2842 L
916 2806 1130 2853 descriptus
1166 2807 1341 2844 exhibeat

294 2859 463 2896 Lunam.
527 2857 566 2896 Si
587 2859 697 2897 nulla
714 2867 811 2896 esset
829 2859 870 2895 in
892 2859 1090 2896 Tellurem
1111 2860 1221 2905 actio,
1246 2859 1336 2896 Tel-

292 2911 352 2947 lus
381 2911 585 2959 profundis
611 2913 720 2962 aquis
747 2910 920 2961 undique
940 2920 1118 2959 cooperta
1145 2921 1182 2949 et
1208 2912 1336 2962 quies-

291 2977 381 3001 cens
404 2966 490 3016 (per
511 2965 644 3014 Hyp.)
680 2966 720 3002 in
750 2966 936 3013 sphaeram
965 2978 1046 3001 sese
1073 2973 1331 3013 componeret.

296 3018 353 3054 At
371 3017 534 3068 singulm
559 3018 727 3055 Telluris
753 3026 878 3066 partes
895 3017 1086 3067 gravit-ant
1105 3018 1144 3054 in
1167 3019 1336 3062 Lunam,

293 3079 424 3120 estque
457 3073 621 3122 gravitas
649 3072 689 3108 in
717 3071 875 3108 Lunam
902 3072 943 3107 in
971 3071 1117 3108 ratione
1142 3070 1339 3119 duplicata.

292 3123 559 3161 distantiarum
580 3138 603 3161 a
622 3133 754 3161 centro
772 3122 975 3171 reciproce.
1034 3123 1062 3161 J
1065 3136 1127 3160 am
1147 3120 1236 3161 vero
1255 3137 1335 3162 rec-

293 3184 329 3213 ta
351 3177 386 3214 L
410 3178 456 3221 T,
486 3186 652 3225 exponat
683 3177 906 3228 gravitatem
932 3176 1235 3214 acceleratricem
1254 3190 1336 3214 cor·-

291 3230 395 3277 poris
414 3230 452 3265 in
473 3240 604 3268 centro
626 3231 662 3268 T
681 3230 793 3278 positi
814 3227 945 3266 versus
968 3230 1135 3272 Lunam,
1158 3231 1281 3279 sitque
1298 3230 1335 3267 E

292 3283 473 3330 quaelibet
504 3283 612 3321 fluidi
644 3284 783 3321 marini
817 3282 1013 3331 particula.
1090 3282 1130 3319 Si
1163 3283 1202 3319 in
1233 3282 1338 3320 recta

294 3334 330 3371 L
361 3335 397 3372 E
434 3335 622 3383 producta
659 3345 835 3378 sumatur
875 3336 910 3372 L
942 3335 983 3372 K
1016 3335 1174 3385 aequalis
1208 3335 1248 3373 ,L
1288 3336 1337 3380 T,

293 3387 416 3437 sitque
437 3389 473 3426 L
493 3389 525 3426 F
544 3390 591 3427 ad
614 3391 650 3428 L
671 3390 712 3427 K
731 3390 772 3427 in
792 3388 988 3438 duplicata
1007 3391 1153 3426 ratione
1176 3389 1209 3425 L
1229 3388 1269 3425 K
1289 3388 1339 3425 ad

296 3440 330 3478 L
356 3440 402 3484 E,
432 3449 531 3480 recta
560 3443 596 3480 L
621 3444 652 3481 F
678 3452 844 3491 exponet
862 3442 1084 3492 gravitatem
1104 3442 1271 3490 corporis
1297 3442 1339 3478 in

292 3493 379 3530 loco
400 3494 436 3531 E
458 3507 588 3531 versus
610 3496 780 3541 Lunam,
800 3508 888 3546 quae
908 3496 963 3532 vis
981 3494 1165 3532 dividitur
1183 3495 1224 3531 in
1243 3494 1340 3532 vires

290 3555 338 3583 ut
366 3546 401 3585 F
425 3547 462 3584 G
490 3555 528 3584 et
560 3549 596 3585 G
621 3549 656 3585 L
687 3549 825 3600 (Prop.
852 3549 1017 3587 LXVI.
1052 3548 1139 3586 Lib.
1167 3547 1238 3595 L).
1300 3548 1340 3585 Si

292 3607 424 3637 autem
451 3613 474 3637 a
503 3600 536 3636 vi
557 3599 623 3637 illa
648 3601 731 3650 qua
749 3614 888 3649 corpus
907 3603 948 3638 in
979 3601 1014 3639 E
1037 3601 1205 3638 locatum
1226 3613 1339 3650 urge-

293 3660 369 3697 tur,
390 3666 478 3702 quae
497 3661 616 3690 estut
647 3654 684 3691 G
707 3654 755 3699 L,
785 3655 981 3692 auferatur
1000 3654 1056 3691 vis
1074 3662 1118 3691 ut
1145 3655 1181 3691 T
1202 3654 1237 3691 L
1266 3650 1345 3703 qua

297 3714 475 3743 centrum
506 3706 674 3743 Telluris
692 3715 854 3756 urgetur
872 3720 1002 3745 versus
1030 3708 1198 3752 Lunam,
1228 3706 1344 3744 relin-

295 3767 468 3808 quentur
498 3760 595 3796 vires
623 3767 667 3796 ut
698 3759 731 3797 F
755 3760 804 3803 G,
834 3761 870 3796 G
895 3761 942 3804 T,
972 3762 1112 3809 quibus
1135 3772 1279 3808 corpus
1308 3759 1345 3797 E

296 3812 529 3850 sollicitatur
562 3821 698 3860 praeter
734 3814 810 3848 vim
847 3813 1012 3861 propriae
1044 3813 1238 3863 gravitatis
1265 3809 1348 3861 qua

296 3865 426 3903 tendit
446 3878 575 3903 versus
594 3874 767 3903 centrum
785 3866 914 3903 Terrae
934 3873 971 3902 et
986 3866 1062 3902 vim
1083 3865 1154 3914 ipsi
1173 3876 1347 3903 commu-

1392 2913 1525 2949 culum
1550 2912 1758 2949 horizontis
1787 2913 1826 2950 in
1851 2925 1933 2962 quo
1960 2913 2078 2950 Luna
2105 2921 2285 2957 versatur,
2315 2913 2437 2961 liquet

1391 2973 1581 3013 punctum
1615 2966 1651 3002 G
1679 2979 1703 3002 a
1733 2966 1769 3003 T
1796 2964 1964 3003 maxime
1990 2965 2140 3011 distare,
2162 2965 2227 3002 ubi
2245 2973 2435 3013 punctum

1396 3018 1433 3055 E
1467 3026 1524 3055 est
1555 3025 1622 3055 aut
1650 3018 1691 3054 in
1727 3018 1771 3063 C,
1804 3025 1872 3055 aut
1899 3018 1942 3054 in
1971 3020 2000 3054 A
2022 3032 2033 3063 ;
2059 3017 2103 3054 in
2131 3018 2247 3066 priori
2275 3031 2364 3056 casu
2397 3019 2435 3055 G

1395 3078 1561 3108 transeat
1592 3072 1632 3107 in
1665 3071 1724 3114 M,
1759 3071 1799 3107 in
1829 3069 2027 3119 posteriori
2058 3069 2099 3107 in
2134 3071 2198 3117 N;
2227 3070 2323 3109 dum
2342 3071 2433 3109 vero
2466 3111 2468 3113 ,

1392 3131 1580 3171 punctum
1612 3124 1648 3161 E
1680 3132 1849 3161 versatur
1867 3123 1906 3159 in
1926 3123 2069 3160 circulo
2100 3124 2135 3160 B
2160 3124 2213 3170 D,
2244 3132 2434 3172 punctum

1396 3177 1432 3213 G
1463 3175 1543 3214 fere
1575 3176 1756 3213 coincidit
1782 3188 1871 3213 cum
1904 3176 1952 3221 T,
1981 3176 2165 3227 nullaque
2194 3177 2366 3225 partibus
2392 3177 2433 3214 in

1391 3228 1535 3266 circulo
1567 3230 1600 3266 B
1625 3230 1665 3266 D
1694 3228 1824 3266 locatis
1850 3229 2081 3278 relinquitur
2108 3230 2162 3267 vis
2193 3239 2331 3278 praeter
2355 3231 2434 3267 vim

1393 3282 1585 3331 gravitatis
1616 3281 1779 3329 propriae
1810 3280 1925 3331 atque
1959 3282 2034 3318 vim
2071 3283 2104 3320 F
2134 3284 2197 3330 G3
2231 3284 2313 3332 ipsa
2343 3281 2434 3321 ver&

1400 3334 1431 3371 F
1453 3335 1504 3381 G,
1524 3335 1568 3372 fit
1590 3334 1625 3372 Β
1649 3335 1684 3372 Τ
1704 3342 1771 3371 aut
1793 3335 1832 3372 D
1856 3336 1904 3380 T,
1925 3335 2152 3374 co'e'untibus
2169 3338 2324 3385 punctis
2345 3336 2379 3374 F
2396 3344 2436 3374 et

1396 3387 1462 3433 K;
1485 3400 1608 3437 -quare
1627 3386 1735 3425 fluidi
1755 3387 1954 3436 particulae
1972 3388 2012 3424 in
2032 3389 2125 3427 locis
2148 3390 2183 3427 B
2204 3397 2242 3427 et
2263 3390 2316 3436 D,
2336 3401 2434 3438 prae-

1394 3447 1449 3477 ter
1468 3441 1545 3478 vim
1563 3439 1757 3490 gravitatis
1783 3441 1946 3488 propriae
1965 3450 2154 3492 urgentur
2172 3442 2287 3480 etiam
2305 3455 2436 3480 versus

1393 3502 1571 3530 centrum
1595 3493 1631 3530 T
1645 3493 1681 3529 vi
1698 3506 1743 3530 ex
1764 3492 1881 3531 Luna
1900 3495 2141 3542 procedente,
2167 3494 2366 3544 ,particulae
2393 3495 2436 3531 in

1395 3545 1480 3584 loco
1502 3547 1544 3590 C,
1574 3558 1705 3583 versus
1734 3546 1890 3584 Lunam
1916 3547 2040 3597 magis
2057 3549 2300 3586 attrahuntur
2316 3546 2435 3597 quam

1399 3600 1517 3636 Terra
1544 3599 1693 3648 integra
1720 3612 1808 3649 quae
1837 3600 1876 3636 in
1904 3609 2035 3638 centro
2057 3601 2093 3638 T
2112 3601 2235 3638 locata
2252 3600 2347 3650 fingi
2366 3613 2435 3649 po-

1398 3659 1492 3698 test3
1524 3652 1718 3700 particulae
1736 3659 1866 3690 autem
1886 3653 1926 3689 in
1945 3652 2031 3690 loco
2055 3655 2102 3697 A,
2129 3666 2258 3690 versus
2280 3653 2436 3690 Lunam

1398 3703 1528 3742 minsis
1548 3706 1792 3743 attrahuntur
1823 3704 1938 3755 quam
1979 3706 2099 3743 Terra
2132 3706 2281 3756 integra
2312 3706 2353 3742 in
2388 3706 2436 3750 T,

1401 3757 1565 3807 ide6que
1592 3759 1726 3795 eodem
1752 3758 1868 3795 modo
1889 3757 2109 3798 afficiuntur
2131 3771 2177 3796 ac
2194 3759 2226 3795 si
2242 3757 2296 3796 ad
2315 3765 2441 3807 partes

1401 3810 1606 3848 contrarias
1634 3820 1874 3862 urgerentur.
1935 3812 1992 3849 At
2018 3810 2213 3860 particulae
2237 3811 2277 3848 in
2296 3810 2442 3849 circulo

1405 3864 1441 3902 B
1466 3864 1518 3911 D,
1547 3863 1671 3916 magis
1696 3863 1888 3915 gravitant
1905 3875 2035 3902 versus
2065 3863 2126 3912 T;
2155 3864 2198 3901 in
2224 3864 2318 3903 locis
2343 3864 2442 3902 inter
