2528 4172
146 316 332 369 Lmnn
353 311 625 365 TER'rms.
733 302 1138 360 PRINCIPIA
1181 298 1799 365 MATHEMATICA.
2223 303 2293 349 25

1080 582 1344 635 Scholium.

227 762 499 823 Hactenus
536 760 641 812 vim
678 758 820 811 illam
858 756 959 828 qua
998 774 1217 826 corpora
1255 754 1482 806 coelestia
1512 753 1568 803 in
1602 751 1814 803 orbibus
1852 749 1957 801 suis
1984 749 2289 811 retinentur,

150 853 487 924 centripetam
529 849 916 920 appellavimus
1007 846 1245 898 Eandem
1287 846 1398 915 jam
1448 843 1758 915 gravitatem
1809 859 1920 893 esse
1971 849 2188 903 constat,
2242 850 2293 890 et

142 954 423 1013 propterea
446 940 753 1012 gravitatem
786 936 840 988 in
873 945 1143 1005 posterum
1167 933 1483 985 vocabimus.
1561 931 1700 983 Nam
1728 947 1882 980 causa
1907 929 1983 979 vis
2008 927 2145 979 illius
2171 945 2294 979 cen-

142 1034 362 1103 tripetae,
390 1031 491 1102 qua
519 1029 674 1082 Luna
698 1028 948 1081 retinetur
974 1026 1029 1078 in
1055 1025 1197 1089 orbe,
1226 1024 1437 1077 extendi
1464 1022 1619 1075 debet
1638 1021 1704 1073 ad
1731 1038 1910 1072 omnes
1937 1019 2173 1089 planetas
2198 1038 2294 1090 per

148 1124 283 1196 Reg.
316 1131 362 1175 l.
391 1129 441 1174 2.
469 1131 521 1174 et
547 1128 597 1173 4.
947 1123 954 1131 “

580 1326 1058 1383 PROPOSITIO
1096 1327 1195 1380 VI.
1271 1324 1725 1385 THEOREMA
1764 1322 1863 1375 VI.

149 1488 377 1555 Corpora
404 1487 571 1537 omnia
601 1486 656 1536 in
671 1486 912 1552 planetas
936 1484 1156 1551 singulos
1175 1482 1457 1550 gravitare,
1488 1489 1536 1531 et
1561 1481 1796 1547 pondera
1823 1495 1988 1530 eorum
2014 1478 2069 1528 in
2096 1477 2298 1533 eundem

176 1622 180 1626 .
216 1579 430 1647 quemvis
444 1579 724 1644 planetam,
743 1575 960 1642 paribus
986 1576 1247 1626 distantiis
1265 1592 1299 1624 a
1318 1581 1486 1624 centro
1501 1573 1744 1639 planetae,
1762 1569 2180 1639 proportionalia
2200 1584 2300 1619 esse

217 1667 497 1738 quantitati
521 1666 748 1717 materiae
775 1665 829 1715 in
855 1665 1080 1733 singulis

215 1834 280 1902 (r)
319 1833 619 1886 Descensus
654 1832 892 1904 gravium
930 1831 1164 1882 omnium
1201 1830 1256 1881 in
1301 1830 1525 1882 Terram
1566 1825 1798 1897 (dempta
1842 1826 2023 1878 saltem
2057 1821 2303 1895 inaequali

145 1923 496 1976 retardatione
536 1942 655 1994 quae
694 1941 762 1974 ex
791 1922 924 1974 a‘eris
968 1920 1254 1993 perexigua
1298 1919 1588 1973 resistentia
1624 1920 1810 1985 oritur)
1851 1917 2137 1989 aequalibus
2171 1926 2303 1967 tem-

144 2013 361 2082 poribus
386 2013 517 2075 fieri,
539 2011 851 2082 jamdudum
877 2011 1218 2062 observarunt
1243 2010 1358 2073 alii3
1399 2019 1451 2061 et
1476 2007 1856 2060 accuratissime
1884 2007 2096 2078 quidem
2120 2015 2302 2057 notare

147 2101 271 2155 licet
308 2104 658 2174 aequalitatem
693 2113 987 2172 temporum
1011 2102 1067 2152 in
1091 2101 1348 2170 pendulis.
1429 2102 1565 2153 Rem
1592 2101 1786 2152 tentavi
1812 2101 1865 2151 in
1893 2118 2037 2162 aur0,
2067 2106 2300 2169 argentO,

147 2193 380 2263 plumbo,
420 2194 571 2257 vitr0,
616 2191 789 2256 arena,
830 2191 939 2244 vsale
977 2192 1253 2253 communi,
1281 2191 1443 2262 ligno,
1472 2189 1621 2261 aqua,
1652 2191 1837 2242 tritic0.
1918 2186 2304 2257 Comparabam

146 2282 368 2353 pyxides
412 2282 542 2334 duas
584 2281 784 2353 ligneas
823 2279 1074 2333 rotundas
1111 2291 1163 2333 et
1204 2280 1445 2350 aequales.
1524 2280 1703 2333 Unam
1741 2278 2023 2348 implebam
2056 2277 2217 2348 ligno,
2254 2284 2306 2326 et

146 2369 287 2424 idem
324 2371 437 2423 auri
472 2370 680 2441 pondus
720 2370 1099 2440 suspendebam
1139 2368 1319 2440 (quam
1355 2368 1503 2438 potui
1541 2366 1743 2434 exacte)
1784 2368 1839 2419 in
1874 2366 2084 2418 alterius
2123 2373 2304 2416 centro

147 2463 502 2516 oscillationis.
594 2462 825 2533 Pyxides
864 2463 930 2514 ab
967 2460 1254 2532 aequalibus
1304 2460 1499 2530 pedum
1549 2458 1796 2511 undecim
1845 2457 1946 2508 filis
1996 2455 2303 2526 pendentes,

153 2552 538 2606 constituebant
561 2551 789 2621 pendula
804 2571 818 2614 3
858 2551 1032 2621 quoad
1056 2549 1279 2620 pondus,
1308 2549 1548 2621 figuram,
1591 2559 1642 2600 et
1668 2548 1800 2600 a‘e‘ris
1828 2546 2170 2598 resistentiam
2197 2562 2305 2595 om-

147 2642 273 2693 nino
298 2642 474 2711 paria:
516 2650 569 2693 et
590 2640 804 2710 paribus
830 2640 1251 2703 oscillationibus,
1275 2640 1428 2709 juxta
1451 2639 1653 2708 positae,
1683 2638 1829 2690 ibant
1858 2635 1964 2688 una
1990 2646 2041 2687 et
2066 2634 2306 2687 redibant

149 2729 452 2784 diutissime.
531 2732 588 2799 (⁸)
621 2731 851 2783 Proinde
876 2731 1026 2800 copia
1052 2732 1282 2783 materiae
1308 2732 1362 2781 in
1388 2750 1516 2782 auro
1551 2734 1667 2800 (per
1697 2730 1876 2782 Corol.
1911 2736 1956 2780 1.
1985 2738 2037 2780 et
2063 2736 2111 2780 6.
2143 2727 2303 2795 Prop.

150 2820 370 2873 XXIV.
399 2819 518 2871 Lib.
549 2819 647 2884 II.)
687 2829 797 2871 erat
833 2819 901 2870 ad
938 2820 1142 2888 copiam
1167 2820 1401 2871 materiae
1439 2820 1494 2870 in
1518 2819 1681 2890 ligno,
1721 2829 1781 2871 ut
1805 2820 1881 2870 vis
1910 2818 2142 2869 motricis
2170 2816 2303 2868 actio

152 2910 208 2962 in
232 2919 402 2962 totum
429 2928 614 2961 aurum
641 2910 710 2961 ad
735 2910 967 2979 ejusdem
993 2911 1249 2962 actionem
1275 2911 1329 2962 in
1355 2920 1523 2962 totum
1547 2911 1750 2981 lignum
1765 2930 1780 2973 3
1816 2910 1919 2961 hoc
1954 2919 2047 2971 est,
2089 2918 2147 2960 ut
2171 2926 2302 2976 pon-

150 3001 247 3054 dus
271 3002 340 3054 ad
364 3002 588 3072 ponduS.
666 3001 738 3054 Et
763 3002 837 3055 sic
861 3001 916 3053 in
943 3002 1159 3054 caeteriS.
1238 3003 1303 3055 In
1329 3002 1635 3072 corporibus
1663 3001 1892 3072 ejusdem
1929 2998 2176 3069 ponderis
2204 2995 2303 3049 dif-

0 3110 9 3171 j
85 3153 89 3157 .
150 3091 365 3146 ferentia
389 3093 638 3156 materiae,
667 3111 784 3164 quae
809 3092 891 3145 vel
916 3093 1088 3144 minor
1108 3103 1242 3145 esset
1262 3092 1420 3164 quam
1438 3112 1560 3163 pars
1579 3093 1853 3145 millesima
1872 3091 2104 3143 materiae
2123 3090 2297 3154 totiuS,

150 3182 231 3236 his
255 3185 621 3255 experimentis
647 3183 921 3238 manifesto
948 3184 1271 3255 deprehendi
1306 3185 1491 3255 potuit.
1567 3185 1601 3238 J
1603 3203 1687 3237 am
1712 3182 1836 3236 verb
1861 3191 2102 3233 naturam
2128 3181 2300 3252 gravi-

150 3275 269 3328 tatis
293 3277 347 3328 in
370 3278 604 3347 planetas
630 3277 849 3331 eandem
874 3296 986 3330 esse
1011 3286 1167 3347 atque
1192 3277 1247 3328 in
1273 3277 1515 3340 Terram,
1543 3295 1650 3328 non
1678 3284 1754 3327 est
1779 3272 2012 3324 dubium.
2090 3263 2300 3324 Elevari

154 3367 295 3419 enim
320 3367 586 3441 fingantur
609 3387 835 3440 corpora
858 3368 973 3422 haec
997 3369 1261 3422 terrestria
1286 3368 1354 3420 ad
1378 3385 1544 3438 usque
1562 3366 1744 3418 orbem
1765 3363 1950 3427 Lunae,
1980 3372 2032 3415 et
2056 3360 2161 3414 una
2180 3382 2299 3415 cum

206 3541 261 3593 (Υ)
285 3544 305 3566 ¹*
327 3543 544 3584 Descensus
556 3547 736 3594 gravium
749 3548 924 3586 omnium
940 3547 998 3596 (8.
1016 3545 1106 3584 Lib.
1127 3545 1200 3595 1.).
1255 3543 1370 3583 recte.
1434 3543 1510 3581 Sed
1537 3541 1690 3590 pondus
1718 3540 2022 3589 comparativum
2048 3546 2105 3577 cst
2124 3538 2224 3577 aetio
2242 3539 2298 3577 vis

206 3594 261 3657 ζ’)
284 3597 306 3619 ”
332 3595 499 3635 Proinde}
517 3599 621 3647 copia
638 3602 818 3638 matmiae.
883 3599 1092 3645 Quantitas
1117 3611 1201 3637 ma·
1255 3597 1425 3635 motricis
1452 3599 1538 3647 (pet
1571 3595 1660 3633 Cor.
1694 3599 1730 3633 6.
1769 3593 1887 3643 Prop.
1927 3594 2030 3631 XX.
2065 3593 2154 3632 Lib.
2192 3592 2292 3643 IL).

152 3656 261 3688 tenae
297 3647 339 3685 in
375 3646 505 3686 medio
539 3661 620 3688 non
655 3651 852 3691 resistente
885 3659 942 3690 est
970 3660 1016 3690 ut
1046 3652 1201 3701 pondus
1258 3648 1369 3701 Ergo
1389 3649 1499 3698 copia
1516 3647 1686 3685 materiae
1703 3647 1744 3685 in
1764 3659 1859 3685 auro
1878 3656 1959 3685 erat
1977 3646 2026 3684 ad
2045 3646 2196 3695 copiam
2214 3659 2296 3683 ma-

154 3701 459 3750 comparativum
490 3709 527 3739 et
545 3703 776 3752 quadratum
796 3704 981 3755 temporis
1000 3704 1143 3743 direct&
1163 3713 1201 3743 et
1254 3703 1360 3741 teriae
1386 3702 1428 3739 in
1453 3701 1561 3752 ligno
1579 3708 1624 3739 ut
1641 3700 1699 3739 vis
1716 3700 1886 3739 motricis
1904 3700 2003 3738 actio
2022 3700 2062 3737 in
2082 3707 2206 3737 totum
2227 3713 2295 3737 au-

155 3753 360 3804 longitudo
389 3754 550 3803 penduli
582 3753 730 3794 inverse
762 3759 848 3807 (per
882 3760 972 3797 Cor.
1002 3763 1039 3796 6.
1078 3758 1194 3807 Prop.
1254 3769 1343 3794 rum
1374 3755 1424 3792 ad
1454 3754 1626 3805 ejusdem
1654 3753 1844 3793 actionem
1871 3753 1910 3790 in
1934 3754 2101 3804 lignum,
2127 3754 2201 3790 hoc
2225 3759 2294 3798 est,

159 3806 330 3846 XXIV.
353 3808 442 3846 Lib.
466 3808 552 3857 ΙΙ.)
573 3808 737 3859 ideoque
753 3809 849 3849 datis
868 3819 1040 3859 tempore
1058 3819 1096 3848 et
1114 3811 1200 3849 lon·
1257 3812 1342 3858 (per
1379 3809 1468 3847 Cor.
1496 3812 1530 3845 1.
1555 3808 1671 3858 Prop.
1699 3807 1870 3846 XXIV.
1896 3807 1983 3845 Lib.
2012 3805 2098 3856 II.)
2130 3802 2175 3843 ut
2198 3817 2296 3855 pon·

158 3859 333 3910 gitudine
359 3861 531 3910 penduli,
563 3870 607 3900 ut
635 3862 788 3911 pondus
814 3864 1116 3914 comparativum
1142 3863 1200 3902 di·
1254 3862 1328 3901 dus
1346 3862 1395 3901 ad
1413 3861 1575 3912 pondus.
