2528 4172
336 271 438 319 344·
897 260 1153 314 INDEX
1194 261 1868 318 PROPOSITIONUM.

1295 407 1333 431 m
2194 406 2196 408 .

474 452 648 492 PROP.
671 450 821 489 XVII.
882 450 1109 489 THEOR.
1136 451 1235 490 XV.
1336 412 1361 438 ε.
1547 453 1720 493 PROP.
1747 456 1875 494 XXI.
1938 454 2167 495 THEOR.
2193 455 2342 496 XVII.
2386 410 2459 442 ¹³⁶-

339 546 589 586 Planetarum
615 550 744 581 motus
764 541 922 579 diurnos
949 540 1161 579 uniformes
1178 555 1270 586 esse,
1431 541 1584 580 Puncta
1602 543 1883 593 aequinoctialia
1901 544 2062 594 regredi,
2085 553 2122 582 et
2140 558 2251 582 axem
2266 546 2361 583 Ter-

389 608 427 637 et
445 598 684 636 librationem
705 596 832 634 Lunae
847 606 892 631 ex
912 594 1031 642 ipsius
1044 598 1153 632 mot'u
1168 595 1274 633 diur-
1478 607 1532 631 rae
1544 595 1706 646 singulis
1720 597 2023 635 revolutionibus
2035 598 2175 634 annuis
2188 598 2363 637 nutando

390 665 442 690 no
469 650 556 689 oriri
559 673 1268 688 ........................................
1327 650 1374 687 51
1478 647 1536 686 bis
1555 648 1729 686 inclinari
1750 650 1790 686 in
1809 650 2024 698 eclipticam
2042 657 2080 688 et
2097 649 2156 688 bis
2173 651 2296 688 redire
2314 650 2364 689 ad

1479 701 1708 749 positionem
1728 704 1893 752 priorem
1896 729 2356 742 ...........................
2416 708 2467 743 88

445 772 616 812 PROP.
643 771 821 810 XVIII.
882 770 1108 809 THEOR.
1134 771 1258 811 XVI.

343 864 450 901 Axes
474 859 714 908 planetarum
734 857 928 895 diametris
947 870 1033 906 quae
1052 857 1099 895 ad
1120 857 1275 896 eosdem
2307 898 2316 906 ‚

392 927 481 952 axes
500 912 722 950 normaliter
741 911 939 948 ducuntur
958 910 1124 948 minores
1142 924 1270 949 esse...
1328 915 1381 952 54
1429 896 1566 934 Moms
1577 908 1711 934 ⁰m¹¹e⁸
1726 897 1881 935 lunares
1893 911 2102 947 ‘'mnffi‘lue
2110 906 2365 936 momumm·

1483 949 1717 1000 aequalitatcs
1735 962 1780 987 ex
1800 951 1923 989 allatis
1943 951 2135 1000 principiis
2150 952 2360 1002 consequi..
2419 956 2471 993 89

1535 806 1707 847 PROP.
1732 809 1888 847 XXII.
1936 809 2165 848 THEOR.
2188 810 2365 849 XV111.

510 1035 832 1075 PROP.X1x.
890 1034 1103 1075 PROBL·
1126 1036 1213 1075 111·
1581 1055 1754 1095 PROP.
1781 1056 1963 1095 xxm.
2027 1056 2242 1096 PROBL.
2266 1058 2318 1096 v.

341 1126 522 1166 Invenire
541 1126 826 1187 P'Joportionem
845 1125 926 1187 ‘¹35⁵
944 1125 1108 1175 Planetae
1125 1126 1174 1165 ad
1192 1126 1274 1165 dia·
1430 1143 1568 1182 Motus
1586 1144 1792 1193 inaequalefl
1810 1143 2018 1183 satellitum
2046 1146 2075 1184 J
2076 1146 2156 1182 ovis
2173 1153 2211 1183 et
2233 1146 2364 1183 Satur·
2420 1181 2422 1184 ,

392 1188 533 1218 metros
550 1179 676 1217 eldem
701 1179 1045 1229 perpendffilssaress·
1052 1206 1269 1219 ·············
1328 1184 1380 1221 55
1480 1198 1522 1235 ni
1540 1211 1564 1236 a
1581 1198 1751 1236 motibus
1770 1198 1970 1236 lunaribus
1989 1196 2160 1236 derivare
2161 1224 2360 1237 ............
2421 1202 2472 1237 90

517 1300 690 1339 PROP.
719 1301 822 1338 XX.
882 1300 1099 1340 PROBL.
1125 1301 1202 1340 IV.
1326 1309 1331 1314 ’
1537 1302 1711 1342 PROP.
1739 1303 1909 1341 XXIV.
1971 1303 2195 1342 THEOR.
2221 1304 2351 1342 XIX.

340 1362 521 1424 Invenire
540 1390 578 1420 et
596 1382 695 1420 inter
713 1395 753 1420 se
771 1395 991 1432 comparare
1008 1383 1178 1432 pondera
1192 1397 1275 1422 cor-
1432 1383 1607 1424 Fluxum
1640 1392 1678 1422 et
1706 1383 1897 1422 refluxum
1931 1384 2048 1422 maris
2079 1387 2127 1423 ab
2154 1385 2370 1424 actionibus

392 1449 529 1487 porum
545 1435 586 1473 in
605 1437 733 1474 Terrae
745 1437 862 1488 hujus
873 1437 1094 1488 regionibus
1108 1437 1275 1476 diversis.
1330 1443 1380 1480 78
1485 1438 1584 1477 Solis
1597 1451 1641 1477 ac
1662 1438 1788 1477 Lunae
1806 1437 1916 1477 oriri..
1925 1464 2367 1479 ..........................
2423 1442 2475 1479 92

1681 1910 1729 1949 w»

1265 2383 1568 2431 GLASGUAE:

1053 2459 1241 2488 Armanas
1262 2458 1310 2486 ετ
1326 2459 1506 2486 mannes
1533 2459 1579 2488 Μ.
1595 2451 1780 2499 DUNCAN,

1212 2510 1403 2540 Academiae
1420 2510 1635 2550 Typograplzt.
