2528 4172
116 502 476 554 distantiarum
526 502 783 549 astrorum
832 495 966 545 intcr
1014 511 1069 544 se
1116 500 1331 559 propter
1379 497 1636 538 astrorum
1687 483 1986 536 continuam
2036 499 2252 534 conver-

116 594 313 645 sionem
338 607 450 640 non‘
469 584 615 638 facile
642 586 709 637 ad
735 601 988 636 summam
1016 580 1293 632 acribeiam
1316 576 1691 646 perducuntur.

190 687 275 732 21.
318 680 394 733 Sit
432 687 478 726 Π
512 694 539 726 Ζ
576 693 621 725 ae
657 694 690 723 π
726 692 761 743 q
795 672 990 723 telluris
1029 669 1213 740 globus
1251 685 1345 735 per
1383 666 1526 733 cujus
1567 673 1801 715 centrum
1840 661 1891 712 T
1934 659 2117 711 transit
2142 659 2254 710 axis

116 767 383 821 mundi‘P
417 783 470 834 p.
546 763 678 815 Loci
714 781 741 813 z
782 762 847 812 sit
881 760 1099 811 horizon
1137 755 1389 809 sensibilis
1416 754 1452 804 h
1479 772 1522 816 r,
1552 752 1769 804 horizon
1806 750 2067 802 rationalis
2095 750 2155 801 H
2185 750 2252 811 R,

116 869 167 911 et
201 855 517 909 meridianus
557 853 602 905 P
642 845 687 904 Ζ
724 851 784 903 Η
822 850 901 901 Ν.·
971 848 1076 901 His
1111 844 1184 900 ita
1221 844 1527 906 constitutiS,
1556 842 1668 895 axis
1693 841 1892 893 telluris
1918 840 2108 892 dicitur
2134 858 2255 909 pars

120 2723 165 2766 Π
189 2733 235 2779 π,
275 2715 385 2769 axis
422 2715 605 2769 mundi
631 2716 680 2770 P
700 2732 737 2787 p
759 2715 958 2769 telluris
986 2715 1265 2787 superficie
1289 2717 1567 2770 terminata
1591 2717 1645 2769 in
1669 2705 1878 2787 punctis
1909 2728 1954 2767 Π
1980 2725 2031 2768 et
2055 2738 2103 2779 π,
2145 2735 2263 2786 quae

116 2805 224 2872 poli
258 2816 410 2858 terrae
445 2816 711 2860 vocantur.
789 2807 949 2860 Polus
990 2819 1035 2858 Π
1071 2808 1196 2877 polo
1223 2809 1419 2861 coelesti
1447 2810 1492 2861 P
1517 2810 1667 2861 nobis
1695 2810 1979 2879 conspicuo
2005 2808 2264 2877 subjectus

117 2893 336 2949 borealis
373 2898 455 2949 vel
492 2899 728 2962 arcticUS,
769 2899 898 2950 alter
921 2919 955 2948 or
979 2899 1217 2951 australis
1242 2900 1325 2951 vel
1351 2900 1662 2952 antarcticus
1699 2899 2009 2969 appellatur.
2087 2898 2260 2949 Inter-
2303 2934 2311 2942 .

120 2984 276 3036 sectio
298 2986 442 3056 plani
466 2989 742 3058 aequatoris
762 2989 980 3041 coelestis
1000 2990 1145 3059 cujus
1168 2999 1246 3041 est
1265 2990 1517 3042 diameter
1537 2990 1611 3042 AE
1635 2990 1704 3054 Q,
1729 3008 1848 3043 cum
1867 2989 2064 3042 telluris
2085 3006 2264 3056 super-

120 3071 250 3136 ficie,
280 3074 384 3127 sive
411 3076 632 3129 circulus
657 3078 915 3130 maximus
942 3096 987 3129 ae
1013 3096 1035 3129 s
1063 3097 1098 3148 q
1122 3097 1176 3142 x,
1207 3079 1351 3148 cujus
1376 3079 1488 3148 poli
1514 3061 1636 3130 sunt
1663 3090 1708 3129 Π
1734 3089 1785 3131 et
1810 3101 1857 3142 π,
1882 3078 2071 3129 dicitur
2090 3095 2265 3146 aequa-

121 3171 203 3216 τοι·
225 3168 479 3220 terrestris
517 3178 607 3221 aut
643 3169 799 3221 etiam
824 3168 1046 3221 circulus
1081 3169 1454 3239 aequinoctialis
1480 3169 1563 3221 vel
1588 3172 1684 3219 κατ’
1713 3171 1865 3236 ἐξοχὴν
1889 3169 2042 3218 linea.
2118 3166 2265 3218 Lati-

121 3251 250 3358 tudo
283 3255 385 3308 loci
421 3258 642 3327 cujusvis
679 3278 707 3311 Ζ
744 3260 799 3310 in
836 3260 1109 3329 superficie
1144 3269 1299 3313 terrae
1336 3271 1415 3313 est
1452 3260 1696 3312 distantia
1733 3261 1840 3329 ejus
1878 3258 1944 3310 ab
1982 3267 2263 3328 aequatore,

124 3359 229 3438 sive
254 3352 331 3397 est
351 3348 624 3400 meridiani
649 3350 906 3402 terrestris
932 3369 1081 3402 arcus
1107 3370 1134 3401 z
1161 3370 1207 3401 ae
1232 3344 1568 3404 inter‘locum
1592 3371 1620 3403 z
1647 3360 1697 3403 et
1722 3360 2042 3420 aequatorem
2063 3369 2109 3400 ae
2133 3367 2156 3400 s
2176 3367 2211 3418 q
2229 3365 2267 3398 x

123 3437 459 3500 1nterceptus2
526 3435 686 3488 Unde
722 3446 865 3506 patet
899 3437 1225 3490 latitudinem
1260 3439 1365 3491 loci
1402 3459 1429 3491 z
1467 3440 1523 3490 in
1562 3439 1836 3507 superficie
1860 3448 2020 3490 terrae
2044 3455 2266 3489 numero

123 3519 383 3589 graduum
419 3524 668 3592 aequalem
708 3543 820 3577 esse
857 3524 1189 3578 declinationi
1227 3528 1422 3579 coelesti
1456 3527 1661 3579 verticis
1692 3527 1734 3579 Z
1760 3528 1992 3597 ejusdem
2016 3526 2134 3589 loci,
2176 3544 2266 3578 seu

124 3606 395 3659 elevationi
432 3608 541 3678 poli
584 3612 629 3664 P
669 3613 735 3664 R.
811 3613 950 3666 Nam
988 3632 1138 3666 arcus
1181 3615 1225 3667 P
1270 3615 1319 3666 R
1358 3624 1410 3665 et
1448 3614 1490 3665 Z
1529 3614 1619 3676 ΖΕ,
1662 3625 1784 3666 sunt
1820 3615 2046 3685 aequales
2074 3615 2269 3683 (10),et

125 3715 272 3750 arcus
301 3699 344 3750 Z
370 3699 443 3751 ΖΕ
470 3719 529 3751 ac
554 3719 581 3751 z
606 3719 652 3752 ae
678 3703 866 3756 similes
886 3723 912 3778 3·
938 3721 1033 3773 per
1056 3704 1231 3756 locum
1255 3704 1310 3754 in
1336 3703 1610 3772 superficie
1634 3714 1790 3755 terrae
1813 3723 1912 3773 pro
1938 3703 2153 3756 arbitrio
2178 3702 2268 3755 de-

32 3819 42 3830 ·
127 3789 455 3841 terminatum
493 3790 713 3843 ducatur
747 3793 1062 3845 meridianus
1103 3805 1147 3843 Π
1186 3813 1213 3844 r
1251 3816 1283 3843 π
1319 3803 1635 3864 aequatorem
1673 3813 1719 3846 ae
1759 3814 1782 3846 s
1809 3814 1844 3865 q
1867 3814 1902 3847 x
1930 3813 2109 3846 secans
2135 3794 2189 3844 in
2209 3812 2265 3853 r;

1153 3882 1230 3919 b2
