2528 4172
581 261 899 317 FLUXUS
936 260 1038 314 AC
1058 258 1508 356 REFLUXUS
1546 255 1813 350 MARIS.
2163 263 2268 311 295

126 437 297 489 minor
323 434 476 507 quam
504 442 582 488 1:
631 436 683 487 xl
717 437 763 502 Ξ,
801 454 867 487 ex
894 452 997 505 quo
1021 433 1202 487 fractio
1245 420 1279 537 Ξ
1306 419 1341 536 (ΥῙ
1385 450 1588 501 sempe1
1612 432 1750 483 intra
1774 430 1872 483 hos
1891 429 2140 481 limites4
2112 462 2145 496 3
2164 438 2274 496 etz-
2243 432 2267 460 ⁵

131 580 492 633 continebitur.
556 578 718 641 Quod
742 580 784 631 si
811 598 935 650 ergo
959 578 1095 630 hanc
1121 579 1186 629 ab
1207 576 1499 648 aequalitate
1525 575 1905 627 aberrationem
1928 572 2270 644 negligamus,

129 670 186 721 id
213 669 355 739 quod
380 667 493 720 tuto
519 667 685 719 facere
720 672 1010 736 possumus,
1052 667 1170 737 quia
1195 685 1304 717 rem
1331 663 1533 716 tantum
1569 683 1735 733 prope
1761 664 1980 715 definire
2007 678 2271 723 conamur,

129 789 405 841 habebitur
430 789 561 841 V—
504 813 561 835 =
588 757 779 892 -Ί-ὲ-ῖ-
721 834 778 842 ..-
800 757 960 893 arg-1².
1035 788 1268 840 Denotat
1303 798 1476 844 autem
1514 793 1545 838 2
1574 785 1626 837 Τ
1652 795 1673 837 t
1710 786 1881 837 sinum
1914 783 2062 852 dupli
2098 781 2277 853 anguli

129 933 326 985 horarii
362 953 465 1003 quo
505 934 595 986 Sol
631 952 663 985 a
699 934 986 986 meridiano
1011 933 1182 997 distat,
1211 917 1262 985 et
1284 933 1420 984 hanc
1445 933 1512 984 ob
1537 950 1648 984 rem
1673 932 1741 983 ad
1765 940 2087 983 momentum
2111 928 2277 980 maxi-

132 1042 233 1073 mae
259 1023 604 1091 depressionis
632 1042 780 1092 aquae
806 1022 1190 1095 assignandum,
1219 1021 1500 1073 videndum
1526 1030 1602 1072 est
1628 1019 1726 1091 qua
1754 1020 1857 1071 diei
1881 1018 2008 1071 hora
2037 1018 2192 1070 Luna
2210 1016 2279 1069 ad

132 1113 454 1165 horizontem
482 1114 724 1182 appellat,
753 1113 1008 1183 hujusque
1034 1113 1280 1181 temporis
1305 1113 1386 1164 vel
1412 1132 1443 1163 a
1466 1111 1681 1164 meridie
1705 1108 1981 1168 velvmedia‘
2007 1117 2160 1160 nocte
2197 1106 2277 1159 in-

134 1203 404 1254 tervallum
431 1204 677 1272 capiatur,
707 1214 860 1273 atque
885 1204 938 1254 in
965 1222 1142 1255 arcum
1168 1204 1444 1281 aequatoris
1471 1212 1814 1254 convertatur.
1881 1201 2060 1270 Hujus
2087 1199 2278 1252 deinde

135 1292 283 1345 arcfis
309 1294 391 1343 vel
417 1294 593 1364 anguli
618 1304 850 1345 sumatur
875 1295 1110 1363 duplum,
1140 1295 1393 1365 hujusque
1406 1295 1566 1363 ‘dupli
1590 1296 1749 1358 sinus,
1778 1296 1921 1364 cujus
1947 1311 2068 1361 pars
2096 1301 2281 1343 octava

135 1384 389 1452 praebebit
415 1385 585 1436 sinum
611 1386 803 1456 anguli,
845 1386 934 1455 qui
970 1387 1024 1436 in
1050 1396 1252 1454 tempus
1280 1405 1557 1437 conversus
1584 1386 1728 1437 dabit
1752 1384 2001 1453 temporis
2039 1382 2282 1434 interval-

134 1474 261 1537 lum,
310 1495 413 1544 quo
456 1477 559 1527 ima
602 1497 735 1547 aqua
779 1478 947 1530 Lunae
992 1477 1267 1546 appulsum
1310 1477 1378 1528 ad
1420 1476 1745 1528 horizontem
1789 1475 1873 1527 vel
1914 1474 2164 1543 praecedit
2199 1472 2284 1524 vel

137 1565 401 1634 sequitur3
439 1567 494 1618 id
520 1567 661 1636 quod
685 1585 752 1618 ex
775 1567 965 1619 notatis
991 1567 1384 1619 circumstantiis
1411 1566 1703 1618 discernere
1728 1565 1862 1616 licet.
1943 1564 2029 1616 Sic
2054 1564 2097 1614 si
2128 1563 2285 1615 Luna

136 1653 266 1705 hora
306 1663 338 1707 9
374 1656 626 1707 matutina
665 1642 945 1719 adoriatur,
986 1657 1084 1707 erit
1121 1666 1323 1725 tempus
1350 1664 1521 1727 ‘usque
1555 1656 1622 1708 ad
1658 1655 1929 1707 meridiem
1958 1662 1987 1706 3
2014 1654 2282 1718 horarum,

139 1737 461 1815 angulusque
498 1746 816 1815 respondens
856 1745 961 1798 45⁰.
990 1748 1131 1816 cujus
1169 1748 1317 1816 dupli
1350 1748 1490 1799 sinus
1527 1757 1605 1798 est
1640 1746 1760 1815 ipse,
1777 1746 1918 1797 sinus
1944 1755 2099 1808 totus,
2140 1746 2287 1815 cujus

136 1853 257 1902 pars
296 1846 477 1886 octava
513 1836 579 1887 sit
617 1837 758 1887 sinus
787 1836 964 1906 anguli
1004 1836 1071 1891 7⁰.
1105 1838 1202 1887 ll'.
1231 1836 1315 1887 cui
1351 1846 1553 1904 tempus
1580 1833 1861 1903 respondet
1886 1832 1993 1885 fere
2022 1842 2089 1886 30
2114 1834 2287 1885 minu-

139 1936 329 1989 torum,
362 1937 563 1979 tantum
588 1928 761 1998 itaque
786 1929 890 1979 ima
915 1946 1049 1997 aqua
1074 1938 1248 1979 ortum
1273 1928 1442 2009 Lunae
1466 1926 1741 1996 praecedet.

219 2021 257 2082 §·
302 2021 384 2071 70.
445 2017 524 2069 Ut
563 2017 677 2068 haec
720 2017 788 2068 ad
828 2017 1008 2068 datum
1051 2017 1219 2068 Lunae
1264 2035 1382 2068 cum
1429 2016 1550 2069 Sole
1595 2025 1860 2085 aspectum
1906 2013 2290 2066 accommodari

141 2118 348 2177 queant,
388 2127 644 2176 ponamus
670 2107 1007 2180 longitudinis
1038 2109 1172 2160 Solis
1210 2118 1260 2155 ‘Y‘
1293 2112 1341 2160 Θ
1384 2108 1553 2159 sinum
1579 2125 1690 2158 esse
1726 2126 1776 2153 =
1814 2105 1875 2168 F,
1915 2105 2149 2155 cosinum
2184 2125 2236 2151 =
2269 2102 2299 2154 f

142 2196 481 2267 longitudinis
506 2198 630 2249 vero
658 2198 826 2249 Lunae
853 2208 903 2245 ‘v'
947 2202 974 2247 1>
1008 2198 1178 2249 sinum
1205 2217 1395 2249 esse-
1344 2236 1395 2245 .-
1427 2197 1495 2260 G,
1525 2197 1839 2248 cosinum-
1788 2232 1839 2241 --
1868 2213 1931 2264 g3
1969 2204 2123 2263 atque
2143 2192 2291 2244 incli-

142 2276 365 2358 nationis
404 2288 655 2355 eclipticae
680 2290 730 2339 ‹st
762 2298 812 2335 ‘V‘
843 2308 873 2339 a
910 2289 1080 2340 sinum
1116 2309 1167 2335 =
1204 2287 1285 2350 M,
1327 2288 1559 2339 cosinum
1603 2303 1758 2358 =·m.
1837 2284 1942 2335 His
1980 2284 2160 2352 positis
2195 2284 2292 2335 erit

81 2418 85 2422 .
147 2376 272 2437 Q:
303 2376 367 2427 M
396 2377 455 2440 F,
485 2386 536 2428 et
565 2378 615 2428 R
651 2398 703 2424 =
741 2377 805 2429 M
834 2378 916 2440 G3
955 2388 1108 2447 atque
1136 2376 1449 2428 ascensionis
1476 2386 1630 2426 rectae
1659 2373 1791 2426 Solis
1818 2382 1868 2419 ‘Y'
1902 2374 1939 2453 S
1965 2382 2183 2443 tangens
2211 2391 2292 2423 re-

509 2484 563 2516 m
583 2466 627 2517 F
2132 2482 2183 2513 m
2222 2463 2276 2515 G

142 2496 378 2565 perietur
416 2518 468 2545 =
509 2535 642 2601 Τ,
696 2498 865 2550 Lunae
900 2498 1043 2550 vero
1061 2499 1374 2551 ascensionis
1412 2508 1568 2550 rectae
1606 2508 1656 2545 ‘Y'
1687 2499 1735 2550 L
1771 2508 2087 2568 tangens-
2034 2535 2086 2543 -.
2131 2535 2291 2547 -.

2183 2569 2220 2620 g

148 2637 492 2690 Subtrahatur
516 2640 747 2691 ascensio
773 2653 913 2692 recta
942 2642 1075 2694 Solis
1102 2642 1166 2693 ab
1192 2643 1492 2694 ascensione
1517 2640 1655 2693 recta
1684 2640 1869 2702 Lunae,
1911 2650 1963 2690 et
1987 2638 2292 2690 differentiae

147 2732 287 2783 sinus
313 2732 378 2782 sit
413 2752 463 2778 =
501 2732 570 2795 K,
612 2734 816 2784 cosinus
852 2754 903 2781 =
938 2734 989 2785 k.
1070 2733 1206 2786 Cum
1243 2735 1401 2805 igitur
1426 2735 1604 2805 anguli
1644 2737 1690 2785 Θ
1725 2733 1769 2784 Ρ
1810 2736 1836 2780 D
1879 2731 1944 2782 sit
1970 2732 2111 2781 sinus
2146 2751 2197 2777 =
2236 2730 2291 2782 K

1473 2816 2291 2891 xl(pp-RR)-VPR

150 2862 202 2904 et
227 2852 430 2926 cosinus
466 2874 517 2901 =
551 2854 603 2918 k,
631 2855 810 2925 anguli
835 2856 958 2907 vero
984 2857 1035 2907 A
1064 2856 1108 2907 P
1148 2860 1175 2905 ἱ)
1209 2857 1350 2907 sinus
1380 2876 1431 2902 =

1829 2921 1864 2971 P
1892 2922 1918 2953 Γ

148 3011 219 3063 ob
243 3029 277 3063 v
308 3031 361 3059 =
398 3019 446 3076 1,
475 3022 527 3064 et
553 3015 837 3065 cosinus...
787 3034 837 3042 -
863 2977 1739 3129 ψ),
1768 3008 1866 3061 erit
1891 3008 2070 3079 anguli
2096 3009 2147 3060 A
2169 3007 2217 3059 P
2236 3011 2285 3061 Θ

149 3147 1829 3239 sinus=T=QR
1852 3199 1904 3242 et
1920 3189 2125 3241 cosinus
2137 3195 2282 3237 =t=

66 3258 73 3265 ,
1110 3255 1147 3306 p
1174 3257 1201 3289 1.

145 3329 1733 3459 (QQ·
1718 3384 1733 3428 3
1797 3365 1986 3437 quibus
2029 3363 2290 3417 valoribus

941 3433 965 3465 r

138 3491 449 3564 efflamus,
469 3501 720 3573 simulque
737 3504 851 3555 sinu
872 3434 922 3554 {l
942 3513 1186 3572 tanquam
1207 3502 1356 3555 valde
1376 3522 1537 3572 parvo
1558 3507 1898 3571 considerato,
1918 3508 2206 3578 reperietur
2221 3506 2289 3557 si—

147 3636 248 3671 nus
263 3620 313 3670 v
338 3641 389 3669 Ξ
413 3590 2287 3679 Q).

1082 3681 1114 3724 4
1136 3691 1162 3723 r
1181 3692 1208 3724 r
1229 3679 1284 3744 (p
1303 3694 1340 3743 p
1359 3707 1430 3715 --
1452 3676 1503 3727 R
1528 3676 1598 3741 R)

1402 3764 1456 3815 K
1481 3765 1517 3814 k
1542 3783 1572 3832 q
1598 3784 1660 3833 q

151 3793 263 3846 Sub
288 3805 551 3865 aequatore
577 3805 764 3859 autem,
793 3816 897 3867 quo
919 3795 980 3848 fit
1008 3797 1135 3850 P—
1079 3821 1135 3841 =
1160 3805 1210 3859 Ο,
1241 3795 1374 3847 V——
1317 3822 1374 3842 =
1446 3858 1478 3902 4
1506 3870 1532 3902 r
1556 3871 1584 3904 r

1647 3817 1754 3852 .ex
1773 3819 1877 3871 quo
1900 3818 1999 3870 pro
2023 3810 2288 3871 aequatore
