2528 4172
540 222 856 276 FLUXUS
895 220 995 272 AC
1036 215 1456 271 REFLUXUS
1497 212 1762 266 MARIS.
2117 219 2211 264 341

83 435 139 444 ...
159 369 206 420 L
229 369 281 430 Q
302 389 336 439 q
355 379 376 420 t
402 404 455 471 (9
480 399 525 452 P
543 397 563 428 2
580 418 616 469 p
643 407 695 461 4
722 415 758 466 p
777 394 797 426 3
816 426 884 435 -—
900 413 927 446 r
943 394 1002 461 3).
1062 393 1147 445 Ex
1171 390 1270 443 hac
1295 391 1453 462 igitur
1470 387 1691 442 formula
1714 389 1959 459 sequitur,
1983 388 2026 439 si
2052 388 2221 440 Lunae

172 463 201 506 3
224 454 258 504 b
276 452 295 481 3
318 453 362 504 P

85 544 358 596 declinatio
394 544 458 595 sit
500 542 644 594 nulla
681 560 771 592 seu
799 540 853 601 Q
887 559 938 586 =
974 547 1023 601 Ο,
1062 548 1173 589 tum
1198 537 1400 588 nullum
1426 535 1638 587 omnino
1664 545 1847 587 aestum
1872 535 1926 586 in
1954 534 2019 586 M
2046 534 2222 585 obser-

85 632 195 685 vari
220 630 424 683 debere.
502 629 663 693 Quod
700 629 743 680 si
781 637 953 679 autem
988 625 1144 677 Luna
1178 624 1367 676 habeat
1400 623 1677 686 borealem,
1717 634 1828 675 tum
1855 624 1920 674 ad
1951 623 2223 675 transitum

87 755 255 807 Lunae
291 772 386 822 per
422 751 764 808 meridianum
802 747 1121 816 superiorem
1159 764 1345 816 aquam
1382 745 1546 797 attolli
1581 744 1648 796 ad
1685 744 1904 813 spatium
1939 773 1996 796 ==

1999 771 2210 850 2b³12><

88 901 142 967 (9
166 894 249 949 P⁹z
273 914 308 966 p
342 904 395 958 -Ι-
428 914 463 964 p
484 894 504 924 3
527 926 599 935 -
624 912 650 945 r
673 892 746 960 3);
785 902 837 943 at
872 891 998 942 dum
1036 890 1190 942 Luna
1225 890 1279 940 in
1316 890 1563 942 alterutro
1600 890 1794 942 circulo
1830 889 2038 940 horario
2077 898 2225 941 sexto

85 995 332 1048 versetur,
378 995 489 1036 tum
531 1001 716 1053 aquam
760 981 826 1033 ad
868 979 1096 1031 libellam
1145 978 1435 1029 naturalem
1483 978 1593 1030 fore
1642 979 2004 1039 constitutam3
2070 975 2224 1029 Luna

88 1087 261 1129 autem
297 1074 431 1127 infra
466 1074 788 1127 horizontem
812 1071 879 1123 ad
915 1070 1256 1122 meridianum
1282 1067 1588 1136 appellente,
1628 1087 1810 1138 aquam
1840 1068 1974 1119 infra
1997 1067 2226 1119 libellam

88 1201 389 1269 depressum
414 1199 478 1250 iri
501 1218 595 1269 per
624 1198 843 1267 spatium
878 1218 930 1246 =
964 1162 1154 1300 ἓξὲξ)
1189 1197 1241 1262 (9
1272 1194 1316 1246 P
1341 1192 1360 1223 2
1382 1211 1419 1261 p
1451 1201 1505 1255 -Ι-
1538 1213 1574 1263 p
1599 1192 1619 1222 3
1644 1225 1716 1233 --
1739 1213 1767 1244 r
1791 1194 1831 1260 3)
1853 1215 1866 1257 3
1910 1196 2226 1247 contrarium

90 1342 310 1411 denique
345 1340 454 1393 fore
489 1351 688 1403 aestum,
729 1340 771 1391 si
814 1322 973 1391 Luna
1002 1337 1191 1389 habeat
1227 1335 1623 1388 declinationem
1659 1337 1953 1389 australem.
2033 1338 2098 1390 In
2136 1336 2227 1388 tali

88 1433 246 1504 igitur
281 1434 436 1484 maris
473 1442 641 1484 tractu
679 1431 908 1502 quotidie
944 1429 1100 1481 semel
1124 1438 1325 1481 tantum
1350 1447 1484 1498 aqua
1509 1427 1698 1493 affluet,
1740 1430 2000 1499 semelque
2026 1430 2224 1492 refluet,

92 1525 135 1575 si
161 1524 371 1593 quidem
398 1524 551 1575 Luna
573 1522 763 1574 habeat
788 1521 1182 1573 declinationem
1202 1539 1216 1582 3
1253 1537 1375 1571 nam
1400 1519 1444 1570 si
1470 1518 1624 1570 Luna
1648 1530 1962 1590 aequatorem
1989 1530 2225 1589 occupat,

90 1621 243 1663 aestus
269 1611 480 1662 omnino
507 1611 605 1662 erit
628 1610 817 1661 nullus·

163 1705 201 1766 ᾗ.
234 1707 352 1752 130.
391 1699 478 1752 Ex
514 1698 615 1751 hoc
653 1717 776 1750 casu
813 1696 1072 1768 aptissime
1116 1696 1363 1766 explicari
1404 1716 1559 1767 posse
1601 1697 1803 1750 videtur
1846 1698 2230 1767 phaenomenon

89 1789 219 1839 illud
245 1787 399 1840 aestus
426 1788 716 1859 singularis,
757 1787 846 1858 qui
870 1788 925 1837 in
948 1796 1105 1855 portu
1132 1786 1400 1856 Tunquini
1424 1786 1491 1837 ad
1518 1786 1767 1838 Batsham
1793 1787 2110 1851 observatur,
2140 1790 2230 1840 ubi

90 1878 303 1930 omnino
338 1889 396 1930 ut
433 1879 488 1929 in
522 1887 778 1947 praesente
815 1896 937 1929 casu
961 1876 1088 1928 dum
1114 1876 1268 1929 Luna
1293 1878 1348 1928 in
1373 1887 1636 1947 aequatore
1661 1887 1909 1940 versatur,
1945 1897 2088 1929 mare
2112 1878 2230 1930 nul-

92 1968 201 2019 lum
239 1976 423 2018 aestum
460 1966 641 2027 sentit;
679 1975 731 2017 at
765 1964 891 2016 dum
929 1964 1082 2016 Luna
1106 1975 1401 2016 removetur
1425 1964 1491 2016 ab
1517 1973 1779 2034 aequatore
1804 1964 1885 2015 vel
1921 1964 2099 2016 versus
2135 1967 2230 2018 bo-

91 2074 230 2107 ream
266 2054 349 2107 vel
383 2052 559 2106 versus
597 2063 843 2117 austrum,
890 2053 1118 2123 quotidie
1154 2073 1287 2124 aqua
1324 2053 1480 2104 semel
1525 2063 1725 2104 tantum
1768 2053 1930 2103 affluit
1971 2054 2230 2125 semelque

90 2144 273 2207 refluit,
313 2161 528 2212 prorsus
564 2152 623 2194 ut
659 2141 886 2194 calculus
919 2142 1253 2204 monstravit3
1294 2142 1488 2194 scilicet
1514 2142 1555 2192 si
1584 2142 1753 2193 Lunae
1780 2141 2054 2194 declinatio
2078 2143 2233 2197 fuerit

90 2233 328 2296 borealiS,
369 2252 503 2303 aqua
529 2230 707 2285 versus
746 2232 915 2284 Lunae
941 2246 1204 2296 occasum,v
1235 2232 1337 2284 hoc
1362 2243 1440 2284 est
1476 2244 1592 2301 post
1619 2233 1903 2284 transitum
1934 2234 2101 2285 Lunae
2136 2254 2231 2303 per

91 2321 430 2372 meridianum
457 2340 612 2390 super
636 2320 921 2384 horizonte,
950 2321 1126 2384 affluit,
1154 2320 1331 2373 versus
1357 2321 1678 2382 ortumvero
1705 2322 1897 2385 defluit,
1927 2342 2043 2392 quae
2069 2336 2230 2376 retar-

96 2411 236 2462 datio
274 2412 338 2463 ab
375 2409 557 2462 inertia
595 2429 743 2481 aquae
781 2420 832 2463 et
867 2420 1013 2462 motu
1051 2410 1118 2462 ad
1153 2410 1326 2463 littora
1350 2411 1623 2479 provenire
1649 2410 1951 2480 intelligitur
1976 2422 2034 2463 ut
2059 2409 2230 2479 supra.

95 2498 291 2551 Contra
329 2498 452 2552 vero
491 2500 534 2552 si
572 2500 741 2552 Lunae
779 2500 1057 2552 declinatio
1086 2500 1151 2554 sit
1188 2487 1442 2564 australis,
1481 2520 1615 2571 aqua
1640 2500 1946 2570 deprimitur
1985 2501 2136 2554 Luna
2165 2502 2233 2553 ad

90 2608 329 2642 occasum
368 2590 661 2654 inclinante,
709 2590 863 2643 Luna
910 2601 1084 2643 autem
1125 2592 1340 2655 oriente,
1392 2592 1674 2644 attollitur:
1729 2611 1846 2662 quae
1886 2593 2232 2660 phaenomena

90 2678 323 2747 apprime
350 2680 663 2731 conveniunt
689 2698 807 2730 cum
832 2699 952 2732 casu
978 2680 1136 2733 modo
1163 2682 1414 2750 exposito.
1487 2681 1584 2733 Est
1607 2693 1858 2750 praeterea
1884 2683 2098 2734 elevatio
2123 2683 2231 2751 poli

92 2767 360 2836 Tunquini
387 2773 492 2819 20⁰.
521 2768 620 2820 50'.
653 2767 890 2830 borealis,
919 2779 1072 2839 atque
1096 2788 1238 2821 mare
1263 2770 1505 2840 utrinque
1530 2768 1649 2821 cum
1685 2770 1976 2821 Peninsulis
2002 2769 2112 2822 tum
2141 2773 2167 2823 I
2172 2791 2230 2822 n-

91 2855 214 2906 sulis
236 2855 306 2906 'ab
332 2865 553 2925 utroque
580 2855 793 2908 Oceano
823 2856 1051 2908 Pacifico
1078 2869 1129 2910 et
1155 2857 1339 2910 Indico
1364 2857 1470 2910 fere
1502 2876 1712 2927 prorsus
1738 2869 2019 2926 separatur,
2049 2860 2229 2911 saltem

96 2956 152 2997 ut
187 2946 351 2999 libera
375 2948 776 3000 communicatio
811 2968 919 3001 non
955 2950 1115 3002 adsit:
1156 2960 1409 3020 praeterea
1433 2950 1519 3003 hic
1544 2951 1682 3002 idem
1708 2952 1864 3002 maris
1893 2962 2101 3015 tractus,
2143 2952 2228 3022 qui

94 3034 274 3088 versus
310 3037 521 3088 boream
558 3037 624 3088 ad
661 3037 835 3090 littora
881 3039 1053 3111 Regni
1090 3040 1361 3110 Tunquini
1398 3040 1717 3102 terminatur,
1761 3040 2056 3091 extenditur
2095 3040 2230 3091 ultra

90 3135 403 3194 aequatorem
440 3126 506 3177 ad
548 3126 741 3198 gradus
783 3127 986 3180 circiter
1022 3135 1108 3181 45.
1148 3130 1292 3198 cujus
1330 3113 1613 3180 latitudinis
1652 3128 1792 3180 sinus
1828 3127 2031 3179 circiter
2066 3127 2229 3196 duplo

89 3213 254 3281 major
279 3223 372 3275 est,
414 3211 570 3282 quam
596 3214 735 3265 sinus
772 3214 1056 3267 latitudinis
1095 3216 1315 3268 borealis
1354 3215 1459 3268 20⁰.
1489 3217 1620 3268 51'.:
1660 3215 1903 3285 quocirca
1928 3233 1993 3266 ex
2024 3214 2103 3265 his
2130 3216 2229 3266 cir-

91 3300 411 3351 cumstantiis
430 3318 525 3369 per
543 3312 773 3353 nostram
795 3302 1047 3355 theoriam
1067 3304 1249 3356 eadem
1276 3305 1387 3373 ipsa
1407 3303 1687 3375 singularia
1710 3302 2055 3371 phaenomena
2073 3303 2227 3355 aestus

89 3390 245 3441 mar1s
272 3390 534 3441 observari
568 3391 773 3456 debent,
811 3411 927 3463 quae
954 3404 1071 3446 actu
1098 3395 1468 3446 observantur:
1511 3404 1663 3463 atque
1688 3393 1789 3445 hoc
1813 3393 1970 3444 modo
1996 3393 2036 3444 si
2064 3394 2229 3444 ullum

89 3477 260 3530 adhuc
297 3478 511 3530 dubium
551 3481 688 3532 circa
724 3491 954 3534 nostram
992 3483 1246 3536 theoriam
1291 3482 1547 3553 reliquum
1584 3482 1776 3546 fuisset,
1823 3484 1876 3534 id
1916 3483 2229 3535 resolutione

89 3567 241 3636 hujus
266 3567 515 3620 mirabilis
540 3568 871 3638 phaenomeni
897 3571 1127 3624 funditus
1154 3572 1410 3624 sublatum
1438 3571 1500 3622 iri
1527 3571 1851 3624 confidimus·

614 3741 777 3782 FINIS
808 3743 1023 3783 PRIMAE
1048 3741 1269 3782 PARTIS
1291 3741 1447 3782 TOMI
1480 3741 1709 3782 TERTII.
