2528 4172
304 253 406 301 258
721 252 1165 314 INQUISITIO
1209 255 1548 311 PHYSICA
1586 260 1670 312 IN
1710 261 2032 316 CAUSAM

302 392 517 446 diversis
558 394 741 446 Terrae
776 396 1075 466 regionibus
1114 398 1216 450 sint
1252 400 1547 471 inaequales,
1586 405 1859 474 aequilibrii
1883 417 2057 460 tamen
2083 418 2242 462 status
2268 411 2435 474 detur,

302 482 357 532 in
398 502 501 553 quo
545 492 716 551 partes
760 484 969 535 tandem
1013 486 1231 555 singulae
1272 491 1649 559 conquiescant,
1695 512 1863 563 neque
1901 496 2153 564 perpetuo
2202 498 2335 550 inter
2384 519 2438 552 se

304 573 487 643 agitari
528 583 764 643 pergant.
843 574 1018 644 Atque
1055 575 1190 646 hanc
1234 577 1303 628 ob
1342 597 1453 629 rem
1496 581 1709 651 singulae
1755 583 1938 634 Terrae
1985 597 2155 652 partes
2194 606 2225 638 a
2274 585 2438 640 tribus

298 662 492 712 viribus
538 662 826 714 sollicitatae
868 664 1185 715 considerari
1231 665 1510 730 debebunt,
1552 670 1722 737 primo
1764 673 1956 725 scilicet
1998 694 2030 725 a
2070 677 2279 744 propria
2319 696 2438 748 gra-

304 750 473 811 vitate,
515 749 614 819 qua
654 750 847 802 directe
885 751 1127 804 deorsum
1164 753 1426 817 nituntur3
1464 755 1576 808 tum
1614 759 1737 810 vero
1763 780 1793 811 a
1817 763 1887 824 vi,
1929 762 2027 831 qua
2054 765 2121 815 ad
2150 766 2436 818 Solem-ur-

295 845 500 908 gentur,
543 856 604 888 ac
645 838 797 890 tertio
840 858 869 890 a
908 840 959 890 vi
1000 838 1179 892 versus
1218 841 1426 892 Lunam
1463 843 1687 907 directag
1724 847 1910 917 haeque
1947 860 2049 902 tres
2080 852 2230 915 vires,
2265 856 2436 924 cujus-

296 926 443 976 modi
469 925 818 994 phaenomena
843 929 1023 999 quovis
1049 938 1281 997 tempore
1313 930 1367 980 in
1390 931 1623 998 partibus
1651 933 1833 987 Terrae
1858 937 2029 989 fluidis
2066 940 2298 1010 gignant,
2339 944 2436 996 erit

290 1015 724 1087 investigandum.

362 1110 401 1171 ᾗ.
443 1113 524 1157 19.
584 1104 707 1168 Quo
751 1107 910 1177 igitur
952 1109 1058 1159 vim
1096 1108 1325 1170 totalem,
1372 1107 1472 1178 qua
1519 1108 1688 1162 Terra
1731 1113 1813 1164 vel
1856 1134 1887 1166 a
1929 1116 2049 1168 Sole
2089 1118 2170 1168 vel
2210 1137 2243 1184 a·
2280 1120 2433 1173 Lunfi

288 1204 520 1265 urgetur,
567 1196 890 1260 definiamus,
944 1198 1331 1249 consideremus
1380 1197 1611 1265 primum
1641 1203 2008 1273 -peripheriam
2051 1207 2230 1259 circuli
2282 1209 2347 1261 M
2379 1211 2434 1262 N

288 1297 533 1357 tanquam
570 1306 636 1339 ex
669 1288 884 1340 materia
916 1287 1239 1360 homogenea
1267 1306 1390 1340 con·
1420 1307 1423 1311 ⁴

284 1377 476 1438 flatam,
506 1378 649 1445 cujus
676 1387 854 1428 centro
884 1377 928 1429 P
954 1377 1262 1429 verticaliter
1287 1378 1384 1427 im-

285 1466 479 1517 mineat
507 1466 597 1518 Sol
621 1466 703 1518 vel
729 1466 883 1518 Luna
907 1468 962 1517 in
986 1469 1038 1530 S,
1068 1468 1140 1519 ita
1159 1477 1216 1517 ut
1241 1476 1384 1518 recta

287 1556 334 1608 P
361 1557 398 1609 S
432 1556 499 1609 ad
535 1558 751 1624 planum
776 1558 954 1609 circuli
994 1559 1059 1610 M
1087 1558 1140 1610 N
1176 1558 1240 1609 sit
1264 1574 1382 1625 per-

281 1647 646 1716 pendicularis.
717 1650 795 1702 Sit
820 1650 1000 1701 circuli
1024 1650 1177 1720 hujus
1205 1649 1380 1700 radius

285 1735 331 1786 P
360 1736 425 1788 M
459 1757 510 1783 =
543 1756 593 1807 y,
635 1747 686 1790 et
716 1738 960 1790 distantia
999 1740 1036 1790 S
1066 1739 1108 1789 P
1143 1760 1193 1786 =
1226 1758 1279 1802 Χ,
1322 1756 1382 1789 ac

281 1825 359 1876 vis
386 1824 491 1875 sive
520 1825 653 1877 Solis
674 1827 780 1878 sive
801 1826 970 1881 Lunae
989 1827 1223 1879 absoluta
1248 1848 1299 1874 =
1327 1826 1379 1878 S.

284 1914 389 1966 His
404 1915 584 1982 positis
602 1915 909 1968 elementum
925 1916 1234 1985 peripheriae
1254 1916 1381 1969 Mm

279 2004 501 2072 pelletur
543 2004 611 2055 ad
654 2006 691 2058 S
739 2006 794 2057 in
838 2006 1123 2058 directione
1169 2008 1233 2060 M
1262 2009 1298 2060 S
1329 2005 1380 2057 vi

280 2123 638 2177 acceleratrice
673 2147 725 2174 =
767 2168 774 2172 .
823 2095 860 2145 S
961 2168 1013 2176 ...
1186 2097 1222 2148 S
1362 2166 1377 2191 ,

768 2176 832 2228 M
856 2175 928 2229 S2
961 2186 1012 2194 ““
1050 2197 1087 2229 Χ
1112 2198 1150 2229 Χ
1185 2188 1237 2239 -{-
1269 2199 1303 2248 y
1327 2199 1362 2249 y

277 2264 444 2332 posita
471 2264 590 2317 cum
608 2268 659 2318 vi
683 2267 946 2338 gravitatis
967 2267 1212 2318 naturalis
1231 2262 1284 2317 in
1307 2267 1581 2337 superficie
1600 2266 1784 2318 Terrae
1813 2284 1864 2312 =
1898 2272 1942 2328 1,
1965 2264 2075 2317 tum
2096 2267 2248 2318 etiam
2271 2268 2421 2318 semi-

278 2355 753 2416 diametroTerrae
800 2380 851 2406 =
902 2366 923 2409 1
952 2378 963 2409 ε
1011 2367 1164 2427 atque
1199 2357 1334 2409 hanc
1371 2359 1439 2409 ob
1475 2375 1586 2409 rem
1625 2356 1939 2407 elementum
1980 2355 2046 2407 M
2070 2374 2125 2408 m
2160 2356 2340 2408 versus
2382 2359 2420 2410 S

275 2481 468 2532 nitetur
504 2482 554 2531 vi
590 2502 641 2528 =
679 2452 716 2503 S
749 2462 789 2502 ><
825 2451 975 2533 Mm.
1055 2482 1367 2534 Resolvatur
1391 2484 1505 2533 haec
1528 2482 1604 2533 vis
1641 2480 1696 2529 in
1720 2479 1868 2530 binas
1906 2480 2157 2543 laterales,
2199 2500 2417 2550 quarum

674 2551 710 2583 Χ
729 2551 765 2584 Χ
791 2535 843 2585 -Ι-
918 2554 952 2603 y

273 2623 483 2674 alterius
510 2623 726 2674 directio
753 2553 903 2674 eadgt
934 2623 989 2674 in
1029 2623 1094 2675 M
1123 2624 1183 2686 P,
1222 2625 1432 2676 alterius
1456 2623 1580 2675 vero
1607 2623 1670 2674 sit
1693 2621 1941 2691 parallela
1966 2622 2236 2675 directioni
2276 2625 2321 2676 P
2348 2625 2384 2677 S
2399 2644 2415 2686 ς

272 2724 426 2784 atque
470 2714 679 2766 evidens
724 2714 822 2766 erit
863 2714 996 2765 vires
1041 2732 1219 2765 omnes
1261 2714 1326 2766 M
1355 2714 1399 2766 P
1438 2732 1532 2782 per
1566 2723 1726 2764 totam
1763 2711 2113 2779 peripheriam
2147 2732 2200 2764 se
2230 2712 2413 2764 mutuo

271 2803 553 2865 destruere,
583 2802 862 2856 alterarum
889 2800 1014 2855 vero
1040 2802 1264 2853 mediam
1289 2802 1626 2854 directionem
1654 2799 1838 2851 cadere
1863 2800 1917 2850 in
1954 2800 1999 2851 P
2028 2802 2080 2864 S,
2120 2821 2181 2853 ac
2206 2802 2308 2853 vim
2332 2802 2413 2853 his

272 2897 513 2948 omnibus
540 2895 933 2965 aequivalentem
958 2894 1141 2946 iisdem
1167 2894 1483 2964 conjunctim
1509 2892 1688 2945 sumtis
1704 2892 1814 2944 fore
1833 2891 2101 2961 aequalem.
2148 2892 2410 2944 Trahetur

2068 2983 2157 3034 Sx
2188 2993 2229 3033 Χ
2261 2981 2389 3032 Mm

2062 3068 2167 3132 (XX
2186 3051 2404 3135 ÷yy){’

265 3161 403 3212 unde
427 3158 597 3230 posita
624 3160 825 3213 ratione
850 3162 983 3228 radg
1006 3162 1074 3214 ad
1097 3159 1533 3230 peripheriam-
1481 3197 1533 3207 -
1571 3165 1649 3209 1·
1637 3198 1650 3211 .
1686 3178 1720 3206 π
1742 3166 1851 3209 tota
1875 3155 2052 3207 circuli
2088 3154 2152 3206 M
2180 3154 2232 3206 N
2268 3154 2405 3223 peri-

261 3249 459 3317 pheria,
499 3268 616 3321 quae
653 3250 838 3302 erit:
872 3272 905 3300 π
927 3271 977 3321 y,
1006 3250 1275 3323 urgebitur
1313 3267 1404 3300 seu
1439 3246 1585 3318 quasi
1619 3244 1895 3317 gravitabit
1919 3262 2099 3296 versus
2138 3243 2175 3295 S
2212 3241 2266 3293 in
2290 3241 2401 3311 ipsa

268 3027 440 3069 autem
467 3016 780 3068 elementum
808 3016 873 3068 M
896 3035 949 3067 m
976 3019 1030 3069 in
1055 3016 1338 3068 directione
1372 3015 1472 3084 ipsi
1511 3015 1556 3067 P
1585 3015 1622 3067 S
1647 3014 1892 3083 parallela
1911 3014 1961 3065 vi
1985 3033 2037 3060 =

262 3372 543 3425 directione
572 3373 616 3424 P
646 3373 683 3426 S
708 3374 840 3425 vi=
870 3344 1283 3495 Q.
1383 3370 1477 3423 Vis
1527 3378 1699 3422 autem
1754 3367 2087 3420 acceleratrix
2136 3386 2236 3436 qua
2287 3365 2402 3417 haec

892 3445 928 3477 X
1224 3453 1256 3487 Ξ

257 3513 552 3584 peripheria
588 3514 766 3567 circuli
803 3534 983 3568 versus
1027 3515 1064 3567 S
1090 3433 1473 3576 {ellicitabitun
1510 3511 1757 3611 prodibit,
1798 3511 1840 3563 si
1865 3511 1940 3562 vis
1964 3509 2156 3562 motrix
2191 3509 2399 3560 inventa

2146 3601 2183 3651 S
2207 3618 2244 3649 Χ

2007 3689 2065 3753 (x
2079 3703 2117 3735 x
2140 3692 2192 3745 -Ι-
2215 3683 2370 3753 yy)
2343 3715 2364 3743 ε

336 3784 374 3846 ᾗ.
404 3786 488 3832 20.
531 3778 656 3832 Hoc
691 3780 977 3849 praemiSSO,
1018 3779 1426 3849 contemplemur
1463 3775 1790 3845 superficiem
1827 3773 2130 3844 sphaericam
2164 3769 2390 3841 genitam

258 3637 517 3691 dividatur
540 3657 635 3707 per
658 3657 881 3691 massam
905 3638 1231 3701 movendam,
1252 3656 1370 3708 quae
1389 3648 1542 3690 est-
1491 3674 1542 3684 -
1570 3656 1603 3684 π
1619 3653 1670 3705 y,
1698 3634 1977 3704 eritque·-
1925 3670 1977 3679 --
