2528 4172
302 261 405 305 242
806 259 914 311 DE
954 257 1207 312 CAUSA
1248 257 1585 311 PHYSICA
1626 259 1941 314 FLUXUS

301 410 353 450 et
403 417 673 450 ascensum
717 418 866 469 aquae
917 420 983 452 ex
1037 401 1256 472 utraque
1305 403 1357 454 vi
1405 403 1685 455 oriundum
1722 404 1777 454 in
1814 403 2067 455 distantiis
2103 405 2438 456 luminarium

300 492 648 544 mediocribus
685 490 794 543 fore
830 493 1026 561 pedum
1066 500 1133 546 50
1173 513 1292 545 cum
1329 495 1553 546 semisse.
1632 495 1842 547 Harum
1870 496 2058 547 virium
2093 494 2346 548 rationem
2370 514 2440 548 ex

299 581 742 634 observationibus
779 600 809 632 a
848 582 1007 633 celeb.
1039 583 1243 634 Cassini
1279 583 1334 633 in
1368 582 1485 634 loco
1524 583 1679 653 supra
1716 585 1871 635 citato
1896 584 2062 635 allatis
2088 584 2436 653 quaesivimus.

301 671 499 724 Verum
536 671 655 724 cum
691 683 881 741 praeter
917 674 1184 744 generales
1223 692 1402 725 causas
1430 675 1540 743 jam
1574 685 1882 726 memoratas
1917 692 2136 743 quarum
2161 674 2346 743 aliquae
2372 674 2438 725 ad

299 761 554 812 calculum
588 762 677 811 vix
713 763 946 814 revocari
981 773 1214 831 possunt,
1255 762 1369 813 aliae
1394 763 1549 813 variae
1575 782 1642 814 ex
1666 763 1899 813 locorum
1925 762 2040 824 situ,
2075 762 2325 813 vadorum
2360 763 2437 813 in-

298 851 433 913 dole,
473 861 746 902 ventorum
781 852 832 902 vi
869 862 920 903 et
959 851 1113 922 plaga
1151 851 1451 920 pendentes,
1491 861 1644 903 aestus
1677 853 1833 902 maris
1858 869 1997 901 nunc
2022 852 2257 919 majores,
2297 869 2439 902 nunc

299 941 526 992 minores
563 942 800 1004 reddant,
839 960 947 993 non
972 952 1048 993 est
1073 941 1263 992 mirum
1301 942 1343 992 si
1378 942 1512 992 vires
1551 941 1720 992 Lunae
1747 960 1863 1010 quae
1887 941 2146 1009 prodeunt
2171 959 2237 991 ex
2263 940 2438 991 obser-

297 1029 590 1080 vationibus
616 1030 670 1080 in
695 1030 820 1080 locis
847 1029 1077 1092 diversis,
1105 1030 1188 1081 vel
1212 1031 1267 1080 in
1293 1029 1475 1080 eodem
1499 1029 1616 1080 loco
1640 1029 1854 1080 diversis
1878 1029 2265 1097 tempestatibus
2293 1030 2438 1080 insti-

297 1117 425 1171 tutis
463 1135 572 1168 non
609 1116 763 1186 plane
801 1118 1139 1168 consentiant.
1218 1118 1489 1186 Computis
1514 1117 1671 1187 igitur
1698 1135 1834 1186 quos
1853 1116 1919 1168 de
1944 1127 2089 1167 motu
2113 1117 2269 1167 maris
2297 1135 2363 1167 ex
2388 1117 2439 1169 vi

297 1209 470 1261 Lunae
508 1208 732 1259 oriundo
768 1207 1081 1259 instituimus
1117 1207 1444 1259 recensendis
1486 1207 1952 1274 impraesentiarum
1993 1224 2100 1258 non
2140 1206 2439 1257 immorabi-

296 1317 433 1350 mur.
514 1299 799 1368 Postquam
835 1296 958 1349 vero
997 1298 1379 1349 observationes
1418 1298 1603 1366 aliquae
1641 1298 1777 1349 circa
1801 1307 1958 1348 aestus
1983 1298 2137 1348 maris
2163 1298 2229 1348 ad
2264 1298 2439 1349 littora

296 1388 558 1440 Americae
584 1397 635 1438 et
661 1387 829 1438 Indiae
857 1387 1136 1438 Orientalis
1162 1405 1289 1456 quas
1316 1396 1663 1454 expectamUS,
1692 1387 1759 1437 ad
1782 1405 1965 1437 manus
1990 1386 2333 1453 pervenerint,
2373 1387 2438 1438 de

294 1478 438 1529 hisce
477 1478 654 1529 forsan
695 1475 883 1529 certius
919 1477 1227 1545 judicemus.
1324 1475 1675 1527 Observamus
1717 1474 1918 1526 tantum
1957 1486 2111 1526 aestus
2153 1477 2208 1526 in
2249 1476 2438 1526 minori

294 1568 494 1618 ratione
521 1568 818 1619 decrescere
842 1565 1006 1616 videri
1038 1563 1193 1634 quam
1219 1562 1477 1632 duplicata
1499 1564 1639 1614 sinus
1667 1564 2025 1632 complementi
2053 1563 2407 1614 declinationis
2421 1585 2435 1627 3

295 1657 422 1726 quin
460 1666 511 1707 et
546 1655 761 1725 reliquae
799 1653 955 1705 aestfis
992 1653 1133 1723 leges
1171 1652 1436 1723 generales
1472 1670 1538 1703 ex
1573 1662 1718 1703 motu
1752 1671 1899 1721 aquae
1936 1653 2201 1720 reciproco
2233 1664 2437 1721 pertur-

293 1749 499 1799 bantur.
586 1745 691 1798 Sed
716 1763 955 1796 veremur
979 1762 1046 1794 ne
1071 1743 1283 1795 taedium
1311 1743 1495 1811 pariat,
1535 1743 1576 1793 si
1614 1753 1905 1811 repetamus
1932 1762 2047 1812 quae
2073 1743 2137 1794 ab
2162 1743 2272 1794 aliis
2301 1745 2437 1813 jam-
2507 1750 2510 1753 ’

294 1838 495 1889 dudum
522 1837 711 1888 tradita
736 1845 871 1887 sunt.
924 1834 1107 1886 AEstus
1134 1834 1359 1893 anomali
1384 1853 1414 1884 a
1438 1833 1672 1884 locorum
1692 1843 1743 1884 et
1760 1832 1981 1883 marium
2006 1833 2106 1884 situ
2131 1833 2437 1905 plerumque

297 1927 525 1995 pendere
551 1926 807 1977 videntur.
887 1923 1287 1976 Observandum
1313 1932 1485 1974 tamen
1511 1915 1577 1974 ex
1609 1922 1807 1974 theoria
1834 1922 2098 1994 gravitatis
2123 1925 2283 1994 sequi,
2322 1926 2437 1976 uni-

294 2034 412 2067 cum
450 2014 652 2067 tantum
688 2025 873 2066 aestum
910 2013 1074 2082 spatio
1114 2019 1180 2064 24
1218 2013 1466 2064 horarum
1506 2013 1807 2083 contingere
1841 2031 2215 2083 nonnunquam
2248 2015 2438 2068 debere

293 2104 348 2156 in
383 2104 509 2155 locis
547 2103 683 2156 ultra
720 2109 788 2156 62
827 2102 1049 2174 gradum
1084 2101 1384 2165 latitudinis,
1425 2102 1469 2154 si
1504 2101 1841 2171 reciprocatio
1866 2101 2037 2154 motfis
2065 2119 2213 2172 aquae
2239 2102 2294 2153 id
2317 2122 2436 2173 per-

296 2196 540 2247 mitteret.
563 2197 593 2226 ’¹‘

366 2285 527 2347 Quod
552 2285 594 2336 si
631 2285 852 2355 analysis
878 2285 1198 2337 diversarum
1225 2280 1496 2338 causarum
1522 2305 1638 2357 quae
1667 2285 1734 2338 ad
1759 2296 1913 2339 aestus
1936 2285 2280 2355 phaenomena
2313 2302 2436 2353 pro-

297 2375 536 2427 ducenda
574 2374 860 2437 conferunt,
902 2378 1139 2427 accurate
1176 2375 1374 2426 institui
1398 2385 1589 2444 posset,
1617 2375 1670 2425 id
1699 2375 1835 2427 certe
1863 2376 1930 2426 ad
1955 2375 2245 2426 uberiorem
2271 2373 2437 2424 scien-

292 2467 417 2518 tiam
460 2467 647 2517 virium
685 2477 736 2517 et
771 2478 1008 2517 motuum
1046 2467 1333 2535 systematis
1368 2466 1551 2517 mundi
1586 2484 1693 2516 non
1728 2484 1914 2534 parum
1941 2464 2213 2516 conferret.
2290 2462 2436 2515 Hinc

295 2557 434 2607 enim
472 2557 596 2607 situs
636 2556 799 2607 centri
835 2556 1100 2626 gravitatis
1141 2557 1306 2606 Lunae
1346 2566 1397 2607 et
1435 2557 1634 2618 Terrae,
1675 2566 1727 2607 et
1763 2575 1878 2626 quae
1908 2556 1975 2606 ad
2009 2554 2436 2625 aequinoctiorum

293 2648 694 2715 praecessionem
733 2647 932 2716 aliaque
970 2647 1314 2715 phaenomena
1350 2657 1549 2697 naturae
1585 2647 1808 2717 insignia
1844 2656 2091 2715 spectant,
2132 2642 2318 2697 certius
2356 2644 2434 2694 in-

290 2745 631 2786 notescerent.
710 2735 855 2796 Quas
893 2736 960 2786 ob
1000 2753 1177 2785 causas
1216 2734 1455 2786 ascensus
1493 2754 1641 2804 aquae
1679 2736 2031 2804 quantitatem,
2070 2752 2335 2803 quousque
2369 2750 2435 2783 ex

294 2825 523 2876 motibus
569 2825 863 2876 coelestibus
907 2844 1023 2876 eam
1062 2826 1266 2895 assequi
1309 2826 1442 2889 licet,
1480 2826 1716 2878 accurate
1749 2826 2098 2877 definiendam
2134 2836 2184 2876 et
2219 2826 2433 2876 demon-

291 2914 569 2976 strandam,
609 2914 789 2982 positis
827 2913 1028 2984 legibus
1065 2915 1328 2984 gravitatis
1368 2934 1485 2984 quae
1522 2933 1588 2966 ex
1626 2915 2068 2966 observationibus
2106 2914 2433 2966 deducuntur

292 3001 380 3072 (de
408 3003 551 3070 cujus
578 3001 730 3052 causa
756 3000 843 3052 hic
868 3019 979 3052 non
1004 3013 1081 3052 est
1108 3002 1394 3053 disserendi
1419 3003 1583 3068 locus)
1610 3004 1917 3071 putavimus.
1996 3002 2235 3072 Cogitata
2259 3012 2431 3052 autem

291 3091 408 3143 haec
450 3092 827 3161 qualiacunque
857 3093 1056 3161 judicio
1096 3093 1453 3145 illustrissimae
1493 3095 1792 3146 Academiae
1844 3095 2041 3165 Regiae,
2095 3113 2250 3163 quam
2289 3095 2429 3146 omni

293 3180 492 3233 honore
517 3192 568 3233 et
593 3181 877 3233 reverentia
905 3200 1108 3249 semper
1131 3183 1507 3252 prosequimur,
1535 3183 1772 3234 lubenter
1797 3183 2155 3234 submittimus.

343 3326 364 3348 ²*
389 3324 446 3362 Sit
472 3324 577 3362 enim
611 3325 739 3362 Lunae
771 3323 977 3363 declinatio
1011 3329 1061 3361 28
1095 3337 1154 3374 gr.
1186 3332 1224 3362 et
1257 3324 1332 3362 loci
1385 3325 1528 3363 festum
1554 3332 1611 3363 est
1644 3325 1801 3363 Lunam
1828 3326 1946 3364 semel
1977 3317 2131 3365 tantum
2164 3332 2215 3365 24
2244 3328 2423 3367 horarum

287 3375 390 3416 ultra
417 3383 468 3416 62
499 3391 558 3429 gr.
590 3377 722 3417 versus
747 3378 908 3417 eandem
938 3377 1109 3429 plagam,
1139 3384 1178 3415 et
1208 3378 1332 3415 mani·
1386 3379 1509 3427 spatio
1529 3378 1605 3416 loci
1623 3379 1741 3429 hujus
1758 3380 1993 3419 horizontem
2012 3380 2211 3432 attingere.
