2528 4172
142 281 273 334 CAP.
302 280 404 345 IL]
766 277 874 329 AD
915 275 1285 329 TERTIUM
1324 276 1654 330 LIBRUM.
2147 281 2277 332 xxiii

137 426 310 497 igitur,
340 425 524 487 Lunae,
554 424 777 475 fixarum
804 440 863 473 ac
889 421 1117 473 siderum
1144 421 1375 472 omnium
1394 421 1542 473 extra
1561 432 1857 474 terrestrem
1878 423 2277 492 atmosphaeram

135 516 543 576 constitutorum,
571 514 625 563 in
648 511 859 581 paribus
886 530 916 562 a
941 511 1130 562 vertice
1157 510 1411 562 distantiis
1438 511 1772 565 refractiones
1800 523 1919 564 sunt
1944 513 2185 583 aequales.

207 611 291 657 26.
353 603 591 656 Siderum
639 599 877 652 refractio
920 599 988 651 ad
1032 599 1263 669 singulos
1314 599 1602 651 altitudinis
1652 602 1863 672 gradus,
1916 602 2277 655 observatione

133 695 337 749 definiri
378 703 562 763 potest.
639 693 767 745 Esto
813 691 875 742 H
921 691 971 742 R
1013 689 1246 752 horizon,
1296 690 1341 741 P
1382 690 1535 758 polus
1574 693 1774 756 mundi,
1816 693 1890 745 AE
1931 693 1985 755 Q
2022 703 2277 764 aequator,

135 787 182 839 P
210 787 253 838 Z
280 787 341 838 H
377 785 708 846 meridianuS,
753 782 795 833 Z
825 782 862 834 S
888 781 939 832 V
976 780 1199 833 circulus
1243 780 1517 844 verticalis,
1562 781 1607 834 P
1637 783 1674 834 S
1700 782 1756 835 D
1795 793 1847 835 et
1886 784 1932 837 P
1957 802 1982 836 s
2006 783 2058 848 d,
2099 784 2280 838 circuli

132 874 501 926 declinationis.
605 870 778 925 Stellae
827 869 949 921 fixae
1014 869 1058 920 F
1105 867 1273 939 prope

131 963 300 1017 zenith
350 948 640 1016 constitutae
690 961 991 1013 observetur
1053 959 1270 1011 altitudo

130 1054 414 1107 meridiana
473 1054 534 1106 H
593 1052 653 1115 F,
718 1070 835 1122 quae
884 1069 916 1102 a
964 1049 1273 1101 refractione

128 1146 291 1198 libera
327 1154 419 1207 est,
466 1152 517 1194 et
558 1140 680 1196 inde
718 1150 930 1193 eruatur
966 1140 1074 1210 ejus
1114 1139 1273 1192 decli-

127 1236 268 1287 natio
311 1235 355 1286 F
384 1234 458 1287 AE
492 1233 623 1302 (14).
715 1230 924 1284 Deinde
969 1231 1272 1284 observetur

127 1325 358 1396 ejusdem
406 1322 568 1376 stellae
617 1323 672 1374 in
727 1323 766 1374 S
811 1322 996 1395 positae
1051 1321 1270 1374 altitudo

127 1415 370 1487 quaelibet
416 1415 453 1466 S
481 1413 547 1475 V,
587 1423 638 1464 et
664 1431 762 1482 ope
786 1412 1045 1483 horologii
1070 1412 1270 1464 oscilla-

126 1505 245 1558 torii
273 1513 479 1559 notetur
500 1512 703 1572 tempus
726 1502 865 1572 quod
892 1503 1026 1554 inter
1049 1503 1269 1571 primam
1291 1551 1293 1554 ,

129 1609 181 1651 et
217 1597 498 1650 secundam
532 1597 942 1654 observationem
978 1597 1268 1661 intercedit,

126 1699 178 1741 et
202 1688 493 1740 inveniatur
518 1706 666 1739 arcus
694 1688 972 1758 aequatoris
999 1687 1072 1738 AE
1100 1687 1155 1740 D
1182 1688 1271 1758 qui

124 1798 186 1831 eo
234 1789 468 1847 tempore
515 1795 610 1846 per
669 1777 1014 1828 meridianum
1067 1778 1271 1830 transiit

125 1869 256 1938 (16).
335 1867 495 1921 Stella
534 1885 651 1936 quae
694 1867 762 1918 ob
806 1867 1171 1919 refractionem
1214 1870 1269 1919 in

122 1959 238 2012 loco
278 1958 445 2010 altiori
482 1977 505 2010 s
532 1957 748 2027 apparet
785 1958 850 2009 sit
886 1957 1066 2009 revera
1104 1958 1159 2008 in
1201 1959 1254 2022 S,
1296 1960 1394 2012 erit
1433 1963 1478 2013 P
1508 1965 1546 2015 S
1573 1963 1628 2016 D
1656 1965 1881 2018 circulus
1919 1967 2280 2020 declinationis

62 2039 75 2054 l
125 2048 286 2104 stellae
321 2048 375 2100 in
415 2049 452 2101 S
492 2048 816 2110 constitutae„
841 2058 892 2099 et
925 2049 979 2099 in
1018 2049 1281 2120 triangulo
1323 2051 1369 2103 P
1398 2051 1440 2102 Z
1470 2052 1774 2114 S,*dabitur
1813 2059 2032 2128 angulus
2075 2060 2117 2111 Z
2148 2059 2192 2111 P
2223 2059 2277 2121 S,

124 2144 268 2213 cujus
304 2161 546 2194 mensura
582 2151 659 2194 est
696 2160 846 2194 arcus
874 2140 947 2192 ΖΕ
977 2141 1031 2193 D
1072 2160 1186 2194 cum
1227 2142 1388 2194 latere
1420 2143 1466 2195 P
1494 2143 1536 2194 Z
1563 2143 1705 2212 quod
1732 2155 1807 2196 est
1830 2147 2075 2200 distantia
2113 2149 2223 2217 poli
2250 2168 2281 2200 a

123 2236 312 2288 vertice
339 2245 388 2287 et
412 2235 572 2287 latere
601 2235 646 2286 P
669 2235 722 2297 S,
753 2233 893 2305 quod
920 2242 996 2284 est
1022 2228 1384 2285 declinationis
1405 2234 1460 2285 D
1486 2234 1522 2285 S
1544 2253 1635 2284 seu
1658 2233 1730 2285 ΖΕ
1757 2235 1799 2286 F
1820 2237 2276 2305 complementum,

123 2325 261 2378 unde
298 2326 558 2378 invenitur
596 2326 729 2377 latus
771 2325 814 2377 Z
854 2325 891 2377 S
925 2343 1042 2377 cum
1070 2325 1343 2377 altitudine
1374 2325 1411 2377 S
1438 2325 1505 2387 V,
1535 2326 1919 2395 complemento
1944 2328 2121 2381 lateris
2151 2331 2194 2382 Z
2225 2333 2278 2382 S.

127 2418 183 2471 Si
224 2417 350 2490 ergo
387 2436 455 2470 ex
491 2417 763 2469 altitudine
801 2415 1070 2468 observata
1122 2430 1145 2464 s
1189 2416 1257 2479 V,
1300 2415 1625 2467 subducatur
1660 2416 1879 2469 altitudo
1904 2419 2116 2471 inventa
2147 2421 2184 2473 S
2211 2421 2278 2484 V,

123 2527 240 2579 quae
266 2528 296 2560 a
320 2508 627 2560 refractione
650 2507 814 2558 libera
839 2515 932 2569 est,
962 2497 1173 2557 dabitur
1198 2523 1349 2557 arcus
1379 2506 1418 2558 S
1439 2524 1478 2569 S,
1508 2504 1749 2557 refractio
1777 2507 1939 2559 stellae
1965 2508 2017 2559 in
2046 2509 2282 2579 quolibet

122 2599 289 2672 gradu
328 2597 631 2650 altitudinis·
710 2597 836 2652 Hoc
869 2596 1029 2648 modo
1068 2596 1141 2649 D.
1173 2596 1261 2649 De
1294 2596 1346 2647 la
1383 2596 1521 2648 Hire
1557 2596 1612 2647 in
1652 2597 1870 2650 Tabulis
1899 2600 2281 2652 Astronomicis

123 2687 421 2739 observavit
435 2686 767 2738 refractiones
795 2685 1023 2738 siderum
1049 2685 1266 2737 diversis
1293 2685 1416 2737 anni
1443 2687 1854 2755 tempestatibus,
1885 2689 1940 2740 in
1966 2690 2082 2758 pari
2109 2689 2281 2742 altitu-

122 2777 241 2830 dIne
266 2779 471 2831 easdem
510 2798 620 2830 esse
659 2778 889 2846 exceptis
915 2776 1311 2829 refractionibus
1346 2775 1483 2829 circa
1508 2777 1830 2831 horizontem
1860 2797 1986 2848 quas
2019 2779 2281 2830 nonnullis

122 2867 475 2923 inconstantiis
513 2868 766 2919 obnoxias
787 2877 1034 2937 expertus
1073 2878 1171 2931 est,
1212 2867 1367 2939 atque
1405 2868 1531 2920 hinc
1567 2870 1775 2921 unicam
1815 2871 2046 2922 tabulam
2092 2870 2281 2923 refrac-

123 2957 323 3010 tionum
350 2975 417 3013 ex
441 2956 565 3025 ipsis
592 2952 1041 3007 observationibus
1067 2955 1347 3008 deductam
1375 2957 1657 3020 constituit,
1680 2977 1836 3027 quam
1853 2969 2036 3027 postea
2056 2959 2282 3011 correxit

125 3047 196 3100 D.
239 3046 500 3108 Cassinus,
541 3055 592 3097 et
628 3044 688 3097 ea
728 3043 958 3097 correcta
999 3054 1233 3097 utuntur⁴
1255 3047 1554 3098 astronomi.
1614 3048 1906 3108 ‘Quoniam
1947 3047 2071 3099 vero
2108 3048 2281 3099 radio-

124 3155 239 3188 rum
274 3136 402 3188 lucis
439 3137 494 3187 in
531 3135 931 3204 atmosphaeram
971 3135 1317 3187 incidentium
1357 3136 1633 3205 obliquitas
1673 3156 1792 3188 cum
1819 3137 2000 3188 sideris
2028 3156 2059 3187 a
2083 3137 2275 3190 vertice

126 3221 364 3275 distantia
403 3223 601 3286 crescit,
641 3223 827 3275 iisdem
865 3224 1315 3276 observationibus
1353 3224 1556 3276 invenit
1595 3223 1929 3276 refractiones
1974 3225 2204 3278 siderum
2249 3247 2280 3278 a

125 3312 315 3363 vertice
341 3311 407 3364 ad
430 3312 755 3365 horizontem
781 3312 944 3383 usque
969 3314 1060 3365 ubi
1085 3314 1333 3365 maximae
1359 3323 1495 3377 sunt,
1527 3312 1775 3365 continuo
1801 3313 2010 3385 augeri3
2057 3324 2110 3366 at
2137 3315 2277 3385 quod

128 3418 194 3451 ex
230 3390 407 3451 alienis
444 3401 891 3453 observationibus
936 3403 1279 3472 supponebat,
1325 3402 1568 3454 videlicet
1610 3400 1943 3453 refractiones
1987 3401 2277 3455 borealium

125 3488 396 3560 regionum
420 3487 530 3562 ipsa
556 3490 710 3542 etiam
737 3500 930 3554 aestate,
960 3490 1118 3563 longe
1138 3492 1362 3561 majores
1389 3510 1501 3543 esse
1529 3488 1682 3560 quam
1708 3490 1763 3542 in
1787 3491 1932 3542 zonis
1960 3494 2275 3562 temperatis,

125 3578 180 3630 id
216 3576 425 3629 minime
463 3597 642 3631 verum
679 3600 789 3633 esse
827 3581 1113 3640 ostendunt
1157 3581 1504 3633 accuratiores
1548 3579 1934 3633 observationes
1985 3581 2051 3633 ab
2093 3583 2276 3636 acade-

125 3667 268 3719 miCis
321 3667 693 3737 Parisiensibus
745 3671 811 3721 ad
865 3671 1116 3722 circulum
1166 3670 1400 3739 polarem
1449 3668 1657 3732 habitae,
1708 3670 1894 3740 quibus
1944 3671 2276 3726 refractiones

128 3758 282 3810 etiam
318 3757 665 3810 horizontales
706 3760 1083 3813 Parisiensibus
1121 3760 1345 3830 aequales
1383 3760 1706 3812 invenerunt.
1783 3761 1918 3814 Vide
1944 3762 2164 3816 Domini
2189 3765 2275 3818 De

1152 3850 1177 3888 b
1197 3852 1222 3885 4
