2528 4172
229 295 300 340 40
736 271 1300 345 PHILosoPHIAE
1341 284 1795 339 NATURALIS
1851 284 1970 348 [DE
1991 276 2367 335 MUNn.SYsT.

662 569 1134 624 PROPOSITIO
1179 569 1283 620 IX.
1359 566 1810 620 THEOREMA
1849 565 1952 617 IX.

237 734 554 788 Gravitatem
594 731 851 798 pergendo
900 749 933 779 a
975 729 1313 796 superficiebus
1353 730 1678 795 planetarum
1727 729 1946 777 deorsum
1992 729 2263 777 decrescere
2316 728 2370 777 in

669 820 868 869 ratione
895 819 1249 869 distantiarum
1274 836 1307 867 α
1331 825 1497 868 centro
1523 834 1667 883 quam
1695 812 1941 882 proxime.

309 998 363 1051 Si
403 993 617 1047 materia
655 993 878 1062 planetae
913 991 1084 1061 quoad
1122 990 1427 1042 densitatem
1465 988 1736 1040 uniformis
1777 999 1924 1049 esset,
1966 986 2221 1038 obtineret
2255 986 2371 1035 haec

234 1087 528 1156 Propositio
562 1081 831 1136 accurate:
871 1100 966 1149 per
1006 1081 1163 1148 Prop.
1202 1079 1481 1131 LXXIII.
1522 1078 1641 1129 Lib.
1683 1078 1726 1129 Ι.
1803 1077 1966 1129 Error
2004 1076 2161 1146 igitur
2197 1084 2370 1125 tantus

232 1187 320 1238 est,
350 1184 570 1244 quantus
596 1173 660 1223 ab
687 1170 982 1241 inaequabili
1008 1169 1260 1220 densitate
1289 1167 1414 1219 oriri
1439 1167 1619 1235 possit.

684 1400 1156 1455 PROPOSITIO
1201 1399 1275 1452 X.
1355 1397 1808 1451 THEOREMA
1846 1397 1919 1450 X.

517 1563 690 1615 Motus
717 1566 1041 1629 planetarum
1079 1564 1134 1613 in
1160 1563 1293 1613 coelz‘s
1320 1557 1592 1612 diutissime*
1617 1562 1901 1612 conservari
1921 1578 2083 1626 posse.

302 1734 367 1786 In
403 1734 600 1785 scholio
631 1734 1007 1803 Propositionis
1035 1733 1159 1784 XL.
1191 1733 1310 1785 Lib.
1341 1733 1414 1785 II.
1443 1743 1704 1785 ostensum
1729 1742 1806 1784 est
1831 1733 1971 1802 quod
2001 1733 2186 1804 globus
2224 1752 2372 1803 aquae

230 1826 531 1896 congelatae,
576 1826 630 1875 in
670 1828 788 1876 a‘e're
825 1834 1005 1876 nostro
1029 1824 1191 1875 libere
1217 1823 1476 1875 movendo
1502 1835 1554 1874 et
1577 1822 1959 1893 longitudinem
1985 1822 2375 1873 semi-diametri

227 1911 337 1966 ‘suae
378 1914 735 1978 describendo,
781 1933 847 1966 ex
885 1913 1172 1966 resistentia
1211 1913 1342 1965 aeris
1380 1915 1636 1965 amitteret
1670 1912 1841 1964 motus
1877 1914 1955 1963 sui
1991 1924 2191 1981 partem
2223 1915 2372 1983 agg-¹55·

231 2005 453 2057 Obtinet
471 2014 646 2056 autem
667 2005 849 2056 eadem
873 2004 1143 2074 proportio
1171 2023 1322 2073 quam
1349 2003 1586 2072 proxime
1612 2005 1666 2055 in
1691 2004 1859 2075 globis
1885 2015 2147 2073 utcunque
2172 2005 2376 2074 magnis

228 2109 282 2150 et
298 2096 582 2148 velocibus.
610 2097 643 2149 J
645 2115 727 2147 am
748 2115 872 2147 vero
890 2096 1107 2166 globum
1128 2096 1311 2146 Terrae
1329 2104 1522 2146 nostrae
1543 2095 1836 2146 densiorem
1857 2113 1983 2156 esse,
2004 2092 2159 2162 quam
2180 2093 2222 2144 si
2237 2103 2376 2144 totus

228 2205 295 2238 ex
320 2185 451 2256 aqua
485 2195 759 2248 constaret,
802 2186 875 2237 sic
912 2185 1116 2256 colligo.
1196 2186 1252 2237 Si
1277 2185 1463 2255 globus
1487 2185 1635 2237 hicce
1662 2195 1799 2237 totus
1826 2196 1959 2235 esset
1985 2203 2196 2253 aqueus,
2234 2201 2376 2251 quae-

229 2294 431 2345 cunque
461 2264 678 2326 ¹rariora
717 2285 889 2326 essent
929 2273 1084 2344 quam
1125 2293 1274 2343 aqua,
1320 2275 1388 2325 ob
1431 2275 1687 2325 minorem
1732 2274 2026 2342 specificam
2069 2273 2374 2344 gravitatem

228 2377 552 2436 emergerent
574 2376 625 2417 et
644 2375 1051 2433 supernatarent.
1093 2364 1275 2434 anue
1295 2364 1361 2415 de
1383 2364 1535 2416 causa
1552 2364 1737 2434 globus
1757 2373 1953 2414 terreus
1975 2363 2119 2431 aquis
2146 2361 2377 2431 undique

229 2465 521 2521 coopertus,
564 2454 606 2503 si
643 2453 808 2503 rarior
845 2461 979 2502 esset
1016 2450 1171 2520 quam
1211 2471 1361 2522 aqua,
1403 2461 1691 2522 emergeret
1726 2450 1931 2513 alicubi,
1973 2460 2025 2501 et
2050 2468 2183 2519 aqua
2209 2448 2375 2500 omnis

228 2543 352 2594 inde
378 2543 612 2594 defluens
639 2553 1045 2613 congregaretur
1069 2542 1124 2591 in
1149 2543 1361 2614 regione
1387 2541 1639 2611 opposita.

230 2642 421 2688 nostrae
458 2631 689 2682 maribus
716 2629 909 2704 magna
933 2650 1002 2685 ex
1026 2643 1174 2701 parte
1200 2631 1549 2684 circumdatae.

1719 2542 1789 2593 Et
1813 2560 1907 2611 par
1933 2556 2008 2592 est
2033 2542 2164 2592 ratio
2192 2541 2377 2592 Terrae

1628 2631 1766 2682 Haec
1793 2632 1835 2682 si
1862 2630 2069 2682 densior
2093 2649 2199 2681 non
2224 2640 2373 2692 esset,

231 2732 521 2794 emergeret
559 2741 626 2775 ex
662 2722 911 2785 maribus,
952 2732 1004 2774 et
1039 2730 1185 2790 parte
1224 2721 1303 2772 sui
1339 2739 1437 2789 pro
1470 2719 1637 2791 gradu
1661 2719 1881 2771 levitatis
1909 2730 2107 2772 extaret
2133 2738 2200 2772 ex
2216 2718 2374 2789 aqua,

230 2815 461 2867 maribus
488 2815 728 2866 omnibus
752 2814 808 2864 in
834 2814 1102 2885 regionem
1130 2814 1422 2882 oppositam
1446 2813 1838 2865 confluentibus.
2230 2811 2231 2814 '

305 2904 510 2956 Eodem
551 2912 859 2975 argumento
911 2903 974 2970 (P)
1016 2902 1234 2953 maculae
1284 2902 1476 2953 solares
1525 2902 1742 2953 leviores
1794 2910 1914 2953 sunt
1958 2898 2113 2971 quam
2161 2896 2377 2949 materia

231 2993 403 3045 lucida
428 2992 606 3044 solaris
634 2991 717 3043 cui
743 3001 1095 3060 supernatant.
1177 2990 1248 3042 Et
1271 2990 1326 3040 in
1350 2989 1657 3041 formatione
1684 2989 2028 3060 qualicunque
2051 2987 2377 3056 planetarum

287 3162 344 3213 (Ρ)
383 3167 446 3200 69.
489 3164 668 3201 Maeculae
703 3162 847 3200 solares.
929 3160 968 3197 Si
1008 3158 1104 3197 radii
1140 3158 1281 3196 solares

234 3214 440 3263 telescopio
476 3215 629 3253 duobus
663 3214 770 3252 vitris
805 3213 992 3251 instructo
1027 3211 1279 3261 excipiantur,

234 3266 419 3317 locusque
437 3268 731 3318 circumpositus
749 3268 982 3309 obscuretur,
1011 3266 1159 3303 inversa
1181 3264 1281 3304 Solis

234 3318 366 3369 imago
385 3319 500 3368 supra
518 3324 689 3360 chartam
707 3320 755 3358 ad
781 3332 895 3358 axem
913 3318 1106 3367 telescopii
1126 3330 1280 3355 norma-

236 3372 314 3410 lem
355 3372 539 3422 pingitur,
579 3381 618 3412 et
652 3374 817 3412 maculae
853 3371 1153 3421 conspiciuntur,
1193 3383 1281 3421 quae

237 3437 343 3462 nunc
375 3438 581 3475 emergere,
620 3440 726 3465 nunc
762 3438 985 3464 evanescere
1021 3427 1281 3462 observantur.

240 3477 420 3516 Maculas
445 3478 529 3516 illas
554 3480 594 3516 in
619 3479 780 3517 materia
811 3479 925 3517 solari
950 3484 1194 3526 supernatare
1221 3475 1284 3513 vel

239 3530 374 3569 saltem
398 3531 477 3569 Soli
496 3533 615 3582 quam
634 3533 826 3580 proximas
845 3545 925 3569 esse
944 3538 1090 3569 certum
1111 3536 1179 3567 est.

297 3584 353 3622 Sit
372 3584 475 3623 enim
500 3586 566 3623 Sol
585 3585 624 3621 in
647 3586 684 3630 S,
706 3598 751 3622 ex
770 3585 929 3622 Tellure
949 3585 984 3622 T
1003 3584 1105 3620 visus
1124 3584 1195 3620 sub
1214 3594 1281 3619 an0

241 3637 337 3688 gulo
368 3637 409 3675 D
431 3639 468 3677 T
490 3638 522 3677 C
545 3637 617 3676 32'.
679 3638 719 3675 Si
748 3638 900 3675 macula
929 3637 1090 3675 orbitam
1116 3635 1285 3685 aliquam

246 3690 292 3728 H
314 3690 351 3729 E
375 3690 414 3728 G
436 3690 480 3729 H
509 3689 616 3729 extra
648 3690 747 3728 Solis
774 3690 1013 3738 superficiem
1042 3689 1282 3733 describeret,

243 3755 325 3781 non
343 3742 535 3782 videretur
557 3743 655 3782 Solis
672 3743 821 3780 discum
842 3742 993 3793 ingredi
1012 3750 1218 3792 antequam
1236 3740 1287 3778 ad

248 3797 286 3835 E
318 3797 548 3847 pervenisset
575 3797 641 3836 ubi
664 3802 765 3834 recta
785 3795 822 3832 T
844 3794 881 3833 E
905 3795 946 3834 D
967 3808 1010 3832 ex
1034 3794 1153 3833 Terra
1167 3794 1287 3833 ‘ducta

1334 3158 1561 3209 discumque
1583 3157 1684 3195 Solis
1701 3164 1876 3208 tangens,
1897 3155 2060 3195 maculae
2078 3155 2242 3193 orbitam
2262 3161 2376 3199 secat,

1334 3219 1374 3249 et
1404 3211 1520 3249 ducta
1551 3211 1587 3249 T
1611 3211 1648 3249 G
1671 3211 1703 3249 C
1740 3210 1870 3248 Solem
1897 3222 2050 3260 quoque
2080 3216 2275 3258 tangente,
2310 3220 2379 3256 per

1337 3264 1436 3303 Solis
1461 3263 1701 3312 superficiem
1728 3260 1997 3300 tantummodo
2022 3262 2199 3311 progredi
2229 3260 2375 3298 videre-

1334 3325 1410 3362 tur,
1439 3315 1614 3367 quandiu
1633 3315 1859 3353 describeret
1884 3328 2016 3353 arcum
2048 3316 2085 3352 E
2106 3315 2143 3351 G
2167 3314 2234 3364 qui
2261 3314 2375 3350 semi-

1333 3368 1549 3419 peripheria
1566 3369 1693 3407 minor
1711 3376 1779 3414 est,
1800 3366 1965 3418 ideoque
1984 3381 2095 3405 arcus
2119 3368 2185 3405 ille
2204 3375 2375 3414 tempore

1334 3422 1438 3473 quod
1453 3421 1723 3469 semi-periodo
1738 3422 1867 3459 minus
1882 3429 1947 3462 est,
1970 3427 2262 3469 percurreretur.
2300 3419 2376 3457 Sed

1337 3488 1384 3513 ex
1403 3475 1729 3513 observationibus
1748 3483 1884 3511 notum
1905 3481 1961 3510 est
1978 3474 2224 3523 quamplures
2242 3484 2375 3509 macu-

1333 3529 1391 3567 las
1409 3527 1505 3565 duas
1530 3534 1598 3565 aut
1615 3535 1691 3564 tres
1712 3528 1880 3577 integras
1908 3526 2082 3574 periodos
2102 3525 2303 3564 absolvisse
2322 3528 2371 3562 27

1336 3581 1488 3619 dierum
1520 3579 1641 3629 spatio
1671 3578 1785 3629 atque
1822 3579 1897 3630 13}
1928 3579 2007 3616 (lies
2029 3578 2260 3628 impendisse
2283 3583 2329 3614 ut
2353 3588 2376 3613 a

1336 3634 1456 3672 limbo
1485 3632 1711 3671 occidentali
1746 3632 1844 3670 Solis
1876 3633 1924 3669 ad
1957 3632 2120 3670 limbum
2152 3628 2376 3668 orientalem

1337 3685 1602 3736 pervenirent;
1649 3685 1805 3722 illarum
1841 3683 1935 3734 erg&
1970 3684 2210 3722 macularum
2245 3682 2377 3729 orbitae

1338 3739 1400 3776 vel
1426 3739 1468 3775 in
1493 3736 1577 3787 ipsa
1601 3737 1803 3785 superficie
1826 3738 1940 3777 solari
1968 3737 2187 3782 extiterunt,
2216 3734 2277 3773 vel
2299 3733 2380 3773 Soli

1338 3791 1500 3831 fuerunt
1518 3790 1713 3841 proximae.
1822 3791 1825 3793 ’
