2528 4172
138 477 149 496 ἱ

649 275 965 328 FLUXUS
1003 276 1105 327 AC
1147 275 1570 328 REFLUXUS
1611 273 1876 326 MARIS.
2227 281 2330 326 249

191 414 361 466 motus
387 415 651 487 vertiginis
689 425 741 467 et
775 415 1026 484 periodici
1064 426 1246 467 aestum
1272 416 1427 467 maris
1451 416 1710 484 proficisci
1738 426 1815 467 est
1839 415 2134 476 arbitratus,
2174 414 2329 484 quam

187 526 253 558 ex
291 518 435 559 motu
461 526 770 577 quocunque
806 508 1135 578 progressivo
1162 509 1267 560 sive
1301 508 1566 559 rectilineo
1593 509 1698 560 sive
1724 506 2021 568 curvilineo,
2063 506 2105 556 si
2143 505 2184 555 is
2211 525 2329 557 cum

184 608 328 648 motu
356 597 601 648 rotatorio
627 597 964 647 combinetur.

255 690 292 751 ᾗ.
321 692 370 735 4.
411 683 724 754 Quanquam
750 695 920 737 autem
944 694 1116 736 motus
1144 684 1326 736 Terrae
1351 683 1646 752 periodicus
1672 682 1808 734 circa
1836 681 2012 733 Solem
2038 699 2155 732 cum
2179 690 2326 732 motu

181 775 431 826 rotatorio
457 776 593 826 circa
618 794 769 827 axem
794 776 1098 844 conjunctus
1125 775 1326 826 nullum
1352 775 1407 825 in
1430 775 1561 825 mari
1586 785 1785 825 motum
1811 773 2135 840 reciprocum
2165 791 2324 843 gene-

179 881 295 915 rare
330 862 479 925 valet,
520 872 691 914 tamen
725 881 882 926 mare,
924 864 1065 933 quod
1102 864 1144 915 si
1180 873 1350 914 motus
1388 873 1521 913 esset
1556 862 1822 931 aequabilis
1860 862 1914 911 in
1954 861 2226 924 directum,
2267 863 2323 913 in

179 955 350 1024 quiete
386 955 697 1022 persisteret,
739 951 1060 1023 aliquantum
1096 953 1293 1004 turbari
1330 951 1554 1002 debebit.
1632 948 1793 1011 Quod
1830 951 1872 1000 si
1909 960 2082 1001 autem
2115 950 2182 1001 ad
2215 951 2320 1002 vim

177 1042 276 1113 qua
319 1043 486 1094 Terra
520 1043 575 1093 in
612 1041 777 1094 orbita
819 1041 910 1094 sua
949 1043 1241 1093 continetur
1266 1040 1607 1102 attendamus,
1646 1057 1753 1092 non
1778 1039 2319 1100 difficultermutatio-

172 1153 309 1196 nem,
350 1152 504 1204 quam
541 1151 682 1184 mare
715 1133 780 1184 ab
806 1152 866 1184 ea
898 1133 1136 1202 patietur,
1176 1132 1418 1202 colligere
1450 1131 1751 1200 poterimus.
1828 1130 1968 1182 Nam
1994 1129 2113 1182 cum
2138 1134 2317 1201 partes

175 1225 359 1276 Terrae
396 1245 426 1277 a
468 1224 586 1277 Sole
624 1225 924 1276 remotiores
962 1225 1152 1275 minori
1189 1224 1255 1287 vi,
1293 1225 1563 1292 propiores
1589 1222 1711 1274 vero
1736 1224 1919 1292 majori
1957 1224 2314 1286 sollicitentur,

171 1316 275 1368 illae
300 1316 367 1367 ad
392 1317 556 1385 majus
582 1325 784 1383 tempus
810 1314 1149 1383 periodicum,
1176 1314 1261 1365 ha:
1291 1313 1414 1366 vero
1439 1314 1505 1366 ad
1531 1315 1701 1367 minus
1727 1315 2100 1367 absolvendum
2125 1334 2315 1386 cogen-

171 1415 272 1468 tur,
313 1424 379 1457 ex
418 1424 520 1474 quo
556 1404 787 1473 partibus
826 1403 1009 1454 Terrae
1045 1403 1233 1465 fluidis,
1275 1413 1332 1454 ut
1355 1402 1477 1471 pote
1502 1404 1796 1467 mobilibus,
1824 1414 1996 1455 motus
2023 1405 2088 1455 ab
2116 1406 2315 1456 oriente

168 1494 357 1557 versus,
383 1496 703 1547 occidentem
741 1493 1025 1548 secundum
1052 1496 1341 1564 eclipticam
1378 1495 1668 1559 inducetur,
1707 1497 1943 1566 hancque
1983 1516 2158 1549 veram
2202 1517 2314 1550 esse

169 1603 378 1636 causam
415 1584 653 1635 existimo
689 1603 749 1636 ac
784 1585 1103 1653 praecipuam
1128 1603 1221 1635 cur
1251 1594 1356 1636 tam
1383 1602 1606 1636 oceanus
1634 1583 1787 1655 quam
1814 1588 1902 1636 a'er
1931 1586 2027 1636 sub
2052 1598 2316 1656 aequatore

165 1677 417 1747 perpetuo
453 1678 641 1730 habeat
677 1679 878 1730 fluxum
917 1679 982 1730 ab
1018 1688 1135 1729 ortu
1169 1676 1348 1730 versus
1374 1696 1632 1729 occasum.
1711 1677 1928 1730 Possem
1953 1678 2105 1728 etiam
2134 1697 2200 1728 ex
2226 1697 2314 1730 eo-

165 1770 284 1821 dem
307 1770 565 1839 principio
590 1768 726 1821 clare
753 1770 1025 1821 ostendere
1051 1779 1158 1821 tam
1183 1769 1358 1831 maris,
1399 1769 1441 1819 si
1480 1766 1693 1819 omnino
1719 1767 1942 1818 liberum
1968 1777 2116 1830 esset,
2159 1767 2310 1837 quam

168 1862 301 1912 ae'ris
351 1861 662 1912 celeritatem
711 1871 906 1913 tantam
955 1862 1082 1924 fore,
1147 1861 1246 1931 qua
1295 1871 1528 1929 tempore
1578 1860 2010 1931 viginti-quatuor
2061 1860 2311 1911 horarum

169 1950 391 2019 spatium
430 1951 631 2002 circiter
666 1951 849 2022 viginti
885 1951 1143 2022 graduum
1181 1951 1477 2003 absolvatur
1494 1970 1508 2013 3
1548 1950 1639 2002 sed
1667 1949 1786 2002 cum
1812 1950 1927 2001 haec
1953 1950 2218 2019 inquisitio
2245 1950 2314 2003 ad

162 2049 470 2109 praesentem
511 2041 850 2109 quaestionem
892 2040 1104 2110 proprie
1140 2059 1248 2091 non
1293 2041 1564 2109 pertineat,
1602 2050 1756 2109 atque
1798 2038 1991 2108 inclyta
2029 2039 2313 2092 Academia

160 2131 377 2184 fortasse
415 2133 512 2183 alia
553 2134 820 2185 occasione
846 2134 1155 2203 quaestiones
1181 2131 1287 2185 huc
1314 2142 1602 2201 spectantes
1630 2133 1694 2183 sit
1718 2131 2065 2200 propositura,
2105 2130 2311 2182 uberio-

161 2239 272 2272 rem
309 2217 708 2290 explicationem
744 2223 895 2292 hujus
933 2223 1148 2294 insignis
1185 2222 1518 2291 phaenomeni
1555 2221 1617 2274 eo
1643 2239 1807 2290 usque
1836 2219 2175 2285 differendam
2202 2238 2313 2273 esse

161 2329 459 2373 censemus3
498 2312 598 2364 hoc
625 2312 833 2382 quidem
859 2322 1091 2380 tempore
1116 2309 1317 2363 tantum
1343 2311 1597 2362 indicasse
1623 2309 1868 2371 contenti,
1897 2317 2097 2360 motum
2126 2308 2312 2361 Terrae

159 2400 479 2467 periodicum
506 2402 819 2471 conjunctim
847 2420 965 2454 cum
990 2411 1135 2453 motu
1161 2402 1350 2453 diurno
1374 2401 1505 2454 mari
1530 2410 1730 2454 motum
1756 2400 1980 2469 aliquem
2006 2400 2304 2468 imprimere

159 2507 327 2556 posse,
357 2490 448 2541 sed
473 2492 772 2561 neutiquam
797 2502 996 2543 motum
1021 2492 1361 2560 reciprocum,
1401 2492 1478 2543 uti
1505 2491 1740 2544 Galileus
1767 2500 1844 2542 est
1870 2491 2163 2543 arbitratus.

231 2585 268 2647 §.
298 2587 347 2633 5.
391 2582 486 2633 Uti
528 2583 582 2633 in
619 2583 858 2634 omnibus
884 2582 1096 2634 omnino
1123 2583 1494 2653 quaestionibus
1532 2582 1759 2653 physicis
1784 2580 1950 2633 multo
1978 2581 2178 2634 facilius
2209 2591 2303 2644 est,

157 2686 274 2737 quae
311 2687 417 2721 non
458 2671 522 2722 sit
559 2689 712 2722 causa
747 2672 1082 2740 phaenomeni
1119 2672 1406 2741 cujuspiam
1444 2672 1619 2734 oblati,
1661 2670 1817 2741 quam
1854 2689 1970 2740 quae
2009 2670 2088 2732 sit,
2130 2680 2304 2723 osten-

159 2756 281 2806 dere
299 2775 314 2817 ;
351 2756 423 2807 ita
447 2758 600 2808 etiam
625 2774 857 2826 praesens
883 2760 1099 2829 quaestio
1125 2760 1190 2811 de
1213 2761 1361 2812 fluxu
1386 2778 1445 2811 ac
1470 2760 1676 2811 refluxu
1700 2760 1857 2811 maris
1884 2769 1961 2810 est
1986 2768 2300 2826 comparata,

157 2855 216 2897 ut
250 2863 358 2896 non
395 2845 667 2898 difficulter
705 2867 880 2900 causas
907 2848 1037 2900 falso
1075 2849 1357 2919 assignatas
1394 2849 1651 2917 possimus
1687 2847 1939 2901 refellere.
2016 2846 2098 2899 Ac
2133 2846 2304 2914 primo

157 2937 364 3008 quidem
388 2949 508 3007 post
534 2958 760 2991 eversam
791 2941 980 2993 Galilei
1005 2942 1327 3004 sententiam,
1351 2942 1626 3009 explicatio
1645 2940 1801 2992 aestfis
1821 2940 1975 2991 maris
1999 2940 2303 2991 Cartesiana

155 3030 409 3097 pressioni
447 3032 629 3101 Lunaer
659 3033 839 3083 innixa
880 3043 959 3084 tot
1003 3034 1259 3104 tantisque
1300 3034 1503 3085 laborat
1545 3034 1949 3095 difficultatibus,
1992 3043 2051 3084 ut
2091 3030 2303 3084 omnino

157 3118 432 3172 subsistere
466 3131 704 3192 nequeat.
781 3122 1137 3193 Praeterquam
1174 3125 1313 3175 enim
1351 3123 1492 3194 quod
1530 3124 1821 3175 istiusmodi
1857 3124 2058 3192 pressio
2092 3123 2302 3174 aliunde

153 3209 364 3276 probari
388 3223 625 3281 nequeat,
662 3223 816 3283 atque
842 3214 909 3265 ad
933 3213 1034 3265 hoc
1061 3214 1228 3266 solum
1263 3215 1649 3283 phaenomenon
1677 3207 2045 3283 explicandum
2071 3213 2300 3285 gratuito

156 3310 461 3364 assumatur,
502 3303 947 3356 observationibus
985 3306 1138 3356 etiam
1173 3304 1386 3357 minime
1425 3306 1684 3358 satisfacit.
1763 3307 1827 3358 In
1861 3317 2041 3375 aperto
2075 3307 2212 3358 enim
2238 3324 2300 3358 ac

151 3388 318 3441 libero
354 3409 550 3443 oceano
586 3411 774 3462 aquam
798 3413 923 3445 mox
960 3407 1078 3462 post
1103 3395 1376 3446 transitum
1414 3395 1582 3446 Lunae
1617 3414 1714 3464 per
1737 3396 2083 3447 meridianum
2110 3396 2299 3447 elevari

153 3479 500 3544 observamus,
539 3481 659 3533 cum
697 3483 981 3537 secundum
1010 3485 1231 3537 Cartesii
1269 3486 1575 3537 sententiam
1603 3485 1788 3537 eodem
1813 3495 2048 3554 tempore
2072 3485 2298 3554 deprimi

153 3561 396 3631 deb‘eret3
434 3588 603 3640 neque
638 3571 891 3640 praeterea
926 3573 1028 3624 hoc
1064 3573 1222 3624 modo
1248 3573 1368 3624 satis
1394 3572 1634 3625 distincte
1660 3574 1965 3642 explicatur,
2007 3592 2100 3625 cur
2137 3574 2294 3625 Luna

152 3659 247 3709 sub
274 3659 439 3711 Terra
477 3662 639 3713 latens
665 3664 892 3715 eundem
913 3664 1019 3716 fere
1045 3664 1284 3715 effectum
1309 3674 1501 3726 exerat,
1543 3683 1603 3715 ac
1629 3664 1668 3715 si
1703 3682 1858 3733 super
1883 3664 2153 3716 horizonte
2177 3680 2296 3714 ver-
2327 3666 2330 3667 ⁷

152 3761 308 3802 setur.
385 3751 593 3802 Deinde
629 3752 729 3803 hoc
766 3752 904 3803 idem
940 3754 1206 3824 negotium
1241 3771 1347 3803 non
1382 3753 1599 3804 feliciori
1637 3772 1874 3805 successu
1913 3770 2187 3824 aggressus
2214 3761 2295 3803 est

0 3824 17 3843 h
40 3856 124 3906 2:35-st
153 3839 443 3897 wallisius,
472 3860 678 3893 causam
703 3842 757 3893 in
777 3844 1038 3895 communi
1063 3853 1240 3896 centro
1265 3843 1531 3912 gravitatis
1556 3843 1743 3896 Terrae
1767 3853 1818 3897 et
1845 3843 2013 3896 Lunae
2033 3858 2289 3911 quaerenS,

2413 378 2432 398 q
