2528 4172
617 261 931 314 FLUXUS
971 261 1071 313 AC
1113 259 1535 313 REFLUXUS
1574 257 1841 310 MARIS.
2198 267 2298 312 315>

159 401 325 470 spatio
360 420 391 452 a
427 409 605 452 centro
641 401 906 471 gravitatis
943 401 1143 451 interea
1179 418 1426 468 percurso
1453 408 1530 450 est
1554 397 1903 450 aestimandus.
1982 396 2107 448 Hoc
2144 398 2302 468 igitur

158 508 305 552 casu,
334 508 437 558 quo
476 489 659 540 Terrae
685 489 1013 557 superficiem
1040 488 1258 539 solidam
1284 489 1350 540 ad
1376 507 1429 538 m
1455 506 1490 537 n
1516 507 1679 557 usque
1714 487 2010 558 pertingere
2035 487 2298 555 ponimus,

158 580 443 649 reperietur
468 590 703 631 centrum
729 581 993 651 gravitatis
1018 599 1199 631 massae
1225 599 1262 630 n
1291 581 1333 631 F
1362 580 1426 631 M
1451 599 1504 630 m
1527 579 1632 630 fere
1658 579 1806 649 aeque
1832 580 2065 631 celeriter
2090 597 2302 647 promo·

156 671 264 721 veri
302 670 493 721 debere
530 689 590 721 ac
626 680 877 738 punctum
905 670 972 731 A,
1011 688 1076 720 ex
1103 689 1205 738 quo
1231 670 1340 737 ejus
1368 669 1598 720 celeritas
1624 678 1769 719 tanta
1794 687 1904 720 esse
1929 668 2157 730 deberet,
2199 668 2301 736 qua

157 772 390 831 tempore
416 763 567 813 unius
593 762 737 813 horae
759 763 980 830 spatium
999 762 1105 813 fere
1127 769 1189 814 15
1211 760 1463 832 graduum
1492 778 1795 828 percurrere
1821 771 2010 828 posset,
2034 778 2151 828 quae
2167 758 2301 810 cele-

162 853 286 904 ritas
312 854 541 922 undique
566 853 699 904 foret
718 852 942 903 enormis
969 871 1028 903 ac
1055 850 1323 920 stupenda.
1376 851 1451 902 At
1476 850 1519 901 si
1543 850 1675 901 mari
1706 849 2113 918 profunditatem
2138 851 2301 917 majo-

156 961 267 995 rem
291 943 593 1004 tribuamus,
633 941 826 994 scilicet
850 941 917 992 ad
951 963 987 1003 μ
1023 963 1039 991 ν
1074 960 1253 1011 usque,
1293 949 1405 991 tum
1429 940 1518 991 illa
1542 940 1777 991 celeritas
1804 938 1968 990 multo
1995 939 2085 990 fiet
2111 940 2299 1003 minor,

156 1032 415 1084 decrescet
438 1050 659 1100 namque
684 1031 738 1081 in
765 1032 946 1082 eadem
971 1032 1170 1082 ratione
1195 1032 1250 1081 in
1269 1050 1371 1101 qua
1394 1030 1718 1098 profunditas
1735 1031 1936 1082 crescit.
1986 1031 2122 1081 Cum
2141 1031 2301 1100 igitur

155 1122 385 1173 celeritas
421 1121 593 1182 mariS,
635 1139 750 1189 quae
795 1120 913 1172 ante
950 1122 1004 1172 in
1032 1141 1086 1173 se
1113 1131 1340 1189 spectata
1363 1121 1575 1172 inventa
1600 1131 1677 1172 est
1702 1122 1901 1172 cosinui
1939 1121 2085 1190 dupli
2123 1120 2302 1192 anguli

158 1212 225 1264 M
255 1212 300 1264 C
330 1213 379 1264 A
403 1210 824 1280 proportionalis,
855 1211 918 1262 eo
943 1212 1034 1263 fiat
1060 1212 1246 1274 minor,
1287 1230 1390 1281 quo
1415 1211 1663 1279 majorem
1687 1229 1830 1262 mare
1857 1210 2048 1262 habeat
2084 1211 2302 1280 profun-

155 1290 386 1366 ditatem,
437 1303 633 1354 tenebit
684 1321 745 1353 ea
795 1302 850 1352 in
899 1321 1104 1371 quoque
1146 1301 1262 1352 loco
1304 1302 1557 1352 rationem
1600 1300 1935 1369 compositam
1983 1320 2049 1351 ex
2098 1301 2300 1352 ratione

154 1392 350 1445 directa
378 1392 583 1443 cosinfis
611 1392 756 1459 dupli
781 1392 958 1462 anguli
985 1391 1051 1443 M
1073 1392 1117 1443 C
1139 1392 1190 1443 A
1216 1402 1370 1461 atque
1395 1410 1460 1443 ex
1485 1390 1688 1443 inversa
1716 1391 2101 1460 profunditatis.

234 1486 273 1547 ᾗ.
303 1487 387 1533 95.
428 1480 603 1531 Datur
627 1489 801 1531 autem
826 1480 953 1531 alius
979 1479 1165 1530 modus
1192 1480 1506 1531 celeritatem
1531 1479 1687 1529 maris
1712 1479 2103 1542 horizontalem,
2131 1478 2300 1547 posita

154 1569 363 1631 scilicet,
392 1569 584 1638 ubique
621 1568 972 1636 profunditate
1000 1566 1198 1629 eadem,
1227 1566 1624 1629 determinandi,
1665 1568 1754 1636 qui
1779 1577 1951 1619 tamen
1977 1568 2044 1619 ad
2070 1569 2300 1620 diversas

151 1657 526 1727 profunditates
563 1668 721 1726 patet,
763 1658 804 1708 si
842 1676 960 1709 cum
997 1658 1196 1708 ratione
1233 1656 1542 1709 invenienda
1569 1659 1946 1727 conjungamus
1974 1660 2300 1727 reciprocum

152 1748 567 1816 profunditatum
592 1748 668 1799 uti
692 1747 905 1799 fecimus
920 1766 934 1809 ;
974 1747 1351 1816 deduciturque
1374 1747 1460 1798 hic
1486 1748 1672 1799 modus
1700 1767 1765 1799 ex
1791 1758 1935 1799 motu
1962 1750 2118 1800 maris
2144 1751 2301 1802 verti-

152 1840 266 1902 cali,
315 1858 418 1908 quo
457 1838 619 1890 modo
664 1838 894 1890 ascendit
935 1836 1093 1889 modo
1138 1837 1421 1899 descendit,
1463 1839 1551 1907 qui
1580 1839 1689 1907 jam
1728 1838 1884 1907 supra
1923 1851 1998 1891 est
2036 1840 2298 1893 definitus.

164 1930 345 1983 Primo
391 1932 528 1982 enim
569 1929 899 1981 manifestum
942 1938 1034 1991 est,
1083 1928 1124 1979 si
1164 1946 1307 1978 mare
1332 1927 1524 1996 ubique
1563 1927 1745 1978 eadem
1786 1928 2064 1992 celeritate,
2110 1930 2300 1998 (posita

155 2021 510 2089 profunditate
535 2021 725 2089 ubique
751 2018 960 2089 aequali)
999 2019 1051 2068 in
1078 2018 1296 2069 eandem
1321 2018 1529 2088 plagam
1553 2029 1966 2085 promoveretur,
2006 2029 2118 2070 tum
2144 2021 2302 2072 etiam

158 2112 483 2163 altitudinem
521 2130 820 2162 mansuram
858 2129 967 2162 esse
1005 2110 1224 2161 eandem
1250 2111 1458 2180 ubique,
1499 2130 1669 2181 neque
1695 2111 1855 2162 ullam
1879 2113 2220 2163 mutationem
2244 2113 2301 2163 in

154 2203 438 2254 elevatione
464 2221 613 2271 aquae
640 2211 869 2252 orturam
897 2220 1020 2252 esse.
1093 2202 1167 2252 At
1192 2202 1235 2252 si
1261 2221 1394 2271 aqua
1418 2212 1564 2254 motu
1589 2203 1887 2272 inaequabili
1909 2191 2297 2274 progrediatur,

153 2290 483 2342 manifestum
521 2301 597 2342 est
633 2290 694 2340 iis
730 2290 785 2340 in
821 2290 964 2355 locis,
1005 2290 1093 2341 ubi
1131 2290 1362 2342 celeritas
1401 2292 1722 2354 diminuitur,
1771 2312 1960 2362 aquam
2002 2303 2301 2364 turgescere

154 2392 310 2451 atque
355 2383 486 2433 adeo
530 2381 718 2432 elevari
764 2380 969 2442 debere,
1016 2380 1260 2448 quoniam
1308 2382 1425 2450 plus
1472 2401 1622 2451 aquae
1665 2382 1830 2433 affluit
1873 2382 2029 2452 quam
2079 2383 2299 2445 defluit3

156 2468 337 2521 contra
373 2469 498 2521 vero
536 2470 628 2520 ubi
667 2469 898 2519 celeritas
937 2485 1085 2537 aquae
1125 2480 1335 2532 crescat,
1381 2470 1453 2521 ibi
1489 2490 1677 2539 aquam
1727 2472 1994 2523 subsidere
2038 2482 2297 2541 oportere.

154 2558 333 2619 Quare
372 2556 493 2608 cum
531 2557 748 2607 elevatio
786 2566 837 2607 et
872 2555 1135 2623 depressio
1173 2558 1329 2608 maris
1354 2577 1385 2609 a
1409 2558 1580 2610 motus
1606 2560 1922 2630 progressivi
1958 2559 2298 2613 horizontalis

149 2646 498 2716 inaequalitate
523 2645 762 2713 pendeat,
791 2644 966 2695 licebit
990 2663 1087 2712 pro
1114 2647 1294 2715 quovis
1319 2646 1434 2698 loco
1459 2647 1593 2699 hanc
1626 2649 2032 2718 inaequalitatem
2058 2650 2296 2714 definire,

152 2753 219 2786 ex
256 2744 401 2785 motu
450 2732 694 2785 ascensus
733 2742 783 2784 et
820 2732 1094 2784 descensus
1133 2735 1359 2803 cognito.
1455 2734 1591 2787 Cum
1627 2738 1762 2787 enim
1792 2738 2026 2789 celeritas
2052 2739 2297 2792 ascensfis

152 2824 218 2874 sit
254 2822 584 2874 decremento
623 2822 894 2874 celeritatis
931 2824 1274 2892 progressivae
1312 2824 1540 2893 aequalis,
1582 2826 1815 2877 celeritas
1854 2826 2134 2879 descensus
2173 2829 2297 2881 vero

150 2911 470 2963 incremento
510 2911 782 2962 celeritatis
817 2911 1175 2980 progressivae,
1224 2930 1289 2962 ex
1327 2912 1448 2963 dato
1490 2923 1635 2964 motu
1675 2914 1902 2965 verticali
1951 2915 2084 2967 ratio
2126 2916 2297 2969 motfis

151 2999 489 3051 horizontalis
534 2998 740 3062 definiri
781 2999 988 3066 poterit.
1082 2998 1380 3075 Invenimus
1424 3010 1595 3052 autem
1639 3000 1795 3071 supra
1835 3007 1873 3069 ᾗ.
1920 3011 2006 3066 84«,
2057 3004 2101 3055 si
2145 3005 2299 3057 Luna

152 3108 184 3141 a
205 3089 491 3140 meridiano
534 3087 712 3140 versus
757 3106 997 3139 occasum
1032 3089 1142 3157 jam
1174 3090 1383 3141 recessit
1413 3091 1603 3162 angulo
1642 3111 1685 3155 z,
1724 3092 1825 3143 hoc
1862 3103 1939 3144 est
1989 3093 2109 3146 cum
2152 3097 2298 3166 regio

152 3178 420 3246 proposita
463 3177 529 3228 ab
573 3176 650 3238 ea,
696 3176 750 3226 in
793 3175 891 3246 qua
938 3195 1070 3245 aqua
1113 3186 1188 3229 est
1231 3195 1445 3241 summa,
1493 3177 1671 3231 versus
1715 3181 1967 3233 orientem
2011 3182 2299 3236 secundum

153 3267 534 3339 longitudinem
578 3266 733 3317 distet
776 3266 968 3337 angulo
1012 3285 1054 3328 z,
1106 3265 1218 3318 fore
1260 3267 1572 3320 celeritatem
1616 3268 1716 3339 qua
1766 3290 1900 3340 aqua
1948 3272 2180 3325 ascendit
2237 3294 2290 3322 =

152 3356 579 3429 -sgquQ
623 3357 717 3407 sin.
745 3375 773 3406 z
800 3419 872 3428 .-
902 3353 1291 3427 3gp2q2sin.
1320 3364 1404 3408 22

295 3441 628 3511 h(1—2g)
981 3441 1312 3510 11(1—8g)
1407 3427 1421 3442 ⁶

154 3527 393 3580 ascensus
442 3528 830 3597 proportionale
873 3529 939 3580 sit
981 3528 1368 3581 decrementum
1417 3532 1589 3587 motfis
1638 3534 1987 3599 horizontaliS,
2041 3537 2139 3588 erit
2186 3537 2299 3605 ipsa

154 3649 385 3715 celeritas
419 3648 752 3702 horizontalis
778 3649 957 3703 versus
982 3668 1222 3704 occasum
1248 3660 1306 3703 ut
1327 3621 2198 3757 ψ
2236 3663 2289 3717 -Ι-

1521 3391 1700 3453 Quare
1736 3391 1856 3465 curn
1892 3392 2013 3446 huic
2051 3393 2299 3446 celeritati
