2528 4172
305 262 408 308 286
689 253 1132 315 INQUISITIO
1173 253 1511 306 PHYSICA
1548 253 1633 306 IN
1673 254 1997 310 CAUSAM

302 400 414 453 tum
438 401 720 453 minimam.
798 398 1038 450 Tertium
1063 398 1285 468 denique
1321 418 1484 470 genus
1510 399 1927 451 observationum
1953 401 2019 451 ad
2044 400 2213 469 ipsum
2237 416 2436 457 motum

300 494 457 543 maris
501 493 823 566 reciprocum
868 499 1077 558 spectat,
1122 490 1286 559 iisque
1325 490 1695 542 determinatur
1732 489 1922 560 quanta
1960 492 2216 544 celeritate
2254 495 2434 563 quovis

299 581 545 649 temporis
588 588 851 629 momento
891 578 1087 630 alterna
1128 580 1282 630 maris
1326 580 1541 631 elevatio
1583 599 1643 631 ac
1682 580 1945 648 depressio
1982 582 2291 645 absolvatur,
2328 584 2434 637 sive

299 680 659 721 momentanea
693 669 926 730 mutatiO,
967 669 1091 719 dum
1129 687 1271 719 mare
1309 688 1339 718 a
1368 669 1513 719 fluxu
1538 670 1605 720 ad
1630 670 1886 721 refluxum
1910 671 2094 722 transit
2117 681 2180 723 et*
2191 672 2429 737 vicissim,

296 761 647 831 investigatur.
725 760 932 821 Quibus
976 761 1140 811 tribus
1182 759 1336 810 rebus
1381 757 1498 810 cum
1535 760 1916 812 observationes
1954 762 2429 814 convenientissime

295 850 643 912 instituantur,
673 849 857 901 iisdem
881 849 1081 900 theoria
1108 859 1259 919 atque
1286 849 1558 917 explicatio
1589 849 2051 917 phaenomenorum
2077 852 2429 904 commodissi-

294 939 378 990 me
415 939 732 990 tractabitur.
810 940 892 990 Ac
929 939 1110 1006 primae
1147 937 1354 1007 quidem
1385 947 1435 988 et
1459 938 1625 988 tertiae
1648 938 1784 1006 parti
1819 957 1917 1007 pro
1941 939 2115 990 nostrai
2152 938 2427 1009 hypothesi

292 1032 345 1082 in
369 1031 784 1099 praecedentibus
814 1030 1082 1098 Capitibus
1109 1028 1314 1080 abunde
1341 1027 1652 1079 satisfactum
1676 1028 1892 1080 videtur.

363 1125 400 1187 ᾗ.
436 1127 526 1172 58.
580 1120 844 1181 Quoniam
884 1128 1055 1170 autem
1098 1138 1128 1169 a
1170 1117 1324 1168 maris
1368 1116 1548 1167 inertia
1588 1116 1800 1185 aliisque
1836 1117 2230 1169 circumstantiis
2267 1121 2423 1173 maris

289 1219 490 1260 motum
516 1208 842 1259 turbantibus
868 1226 1046 1258 omnes
1074 1207 1406 1277 cogitationes
1433 1205 1602 1256 adhuc
1622 1205 1978 1267 abstrahimus,
2005 1206 2328 1259 manifestum
2348 1220 2425 1261 est

288 1298 481 1367 ubique
516 1297 816 1358 Terrarum,
845 1297 884 1345 si
906 1296 1018 1347 sola
1056 1296 1224 1348 Lunae
1249 1296 1324 1346 vis
1349 1314 1490 1346 mare
1516 1294 1746 1364 agitaret,
1775 1311 1960 1362 aquam
1986 1293 2208 1344 maxime
2237 1295 2424 1349 elevari

289 1387 479 1438 debere
517 1384 635 1436 cum
672 1386 825 1437 Luna
853 1386 917 1436 ab
941 1385 1207 1436 horizonte
1231 1383 1526 1455 longissime
1551 1382 1704 1434 fuerit
1728 1392 1939 1443 remota,
1969 1381 2067 1432 hoc
2093 1394 2169 1434 est
2200 1384 2261 1434 iis
2298 1386 2421 1455 ipsis

287 1475 562 1526 momentis
602 1474 786 1544 quibus
826 1474 978 1525 Luna
1015 1491 1108 1541 per
1144 1473 1484 1524 meridianum
1511 1472 1616 1522 dati
1652 1469 1754 1520 loci
1790 1479 1895 1519 tam
1921 1487 2077 1537 supra
2100 1468 2254 1539 quam
2289 1472 2423 1525 infra

290 1564 510 1615 Terram
535 1564 748 1614 transit:
791 1573 909 1613 sunt
945 1563 1082 1613 enim
1121 1561 1426 1613 elevationes
1453 1579 1600 1630 aquae
1626 1560 1678 1609 in
1706 1556 1964 1626 duplicata
1992 1558 2189 1609 ratione
2214 1560 2419 1612 sinuum

286 1654 647 1706 distantiarum
688 1654 857 1705 Lunae
882 1654 949 1705 ab
982 1653 1265 1716 horizonte,
1306 1672 1372 1705 ex
1399 1672 1501 1723 quo
1528 1654 1673 1707 simul
1705 1656 1989 1706 successiva
2013 1655 2167 1706 maris
2194 1671 2420 1706 commo—

285 1746 358 1796 tio
399 1745 743 1815 cognoscitur.
821 1744 1169 1813 Excipiuntur
1206 1755 1379 1796 autem
1415 1745 1555 1807 hinc,
1594 1756 1652 1797 ut
1681 1747 1790 1815 jam
1814 1748 2120 1809 notavimus,
2148 1747 2261 1798 loca
2285 1746 2419 1813 polis

286 1833 469 1885 Terrae
505 1835 760 1902 proxima,
803 1834 988 1903 quibus
1028 1834 1181 1885 Luna
1217 1834 1300 1885 vel
1334 1852 1441 1885 non
1478 1834 1640 1885 oritur
1665 1835 1747 1888 vel
1783 1854 1887 1887 non
1915 1835 2133 1897 occidit3
2173 1836 2245 1886 ibi
2282 1834 2420 1886 enim

282 1924 446 1975 altero
475 1925 642 1976 Lunae
668 1924 735 1975 ad
760 1923 1103 1977 meridianum
1129 1923 1350 1992 appulsu
1376 1942 1509 1993 aqua
1535 1924 1689 1975 debet
1714 1944 1823 1975 esse
1849 1943 2063 1987 summa,
2104 1923 2265 1976 altero
2297 1924 2416 1975 ima.

283 2014 482 2066 Verum
510 2016 574 2066 de
599 2016 678 2066 his
704 2016 830 2067 locis
857 2034 962 2066 non
989 2016 1269 2067 admodum
1295 2018 1483 2068 erimus
1511 2018 1744 2079 solliciti3
1773 2017 1891 2070 cum
1912 2029 2016 2070 tam
2036 2018 2418 2070 observationes

281 2102 605 2165 sufficientes,
632 2104 820 2173 quibus
847 2103 1045 2155 theoria
1069 2105 1334 2173 probetur,
1363 2105 1621 2168 deficiant,
1650 2105 1805 2176 quam
1829 2108 1939 2176 ipse
1963 2107 2119 2158 maris
2143 2114 2314 2156 motus
2339 2105 2418 2154 in-

280 2191 479 2243 dicatus
504 2193 690 2244 rationi
715 2193 781 2244 sit
805 2204 1193 2257 consentaneUS,
1221 2212 1389 2263 neque
1415 2195 1805 2247 confirmatione
1830 2196 2074 2266 indigeat.
2141 2194 2205 2245 In
2232 2194 2416 2245 Terrae

278 2279 404 2330 locis
448 2299 573 2351 ergo
612 2300 647 2331 a
688 2281 822 2349 polis
855 2283 977 2333 satis
1014 2282 1223 2334 remotis
1261 2301 1350 2334 seu
1388 2293 1535 2334 extra
1569 2284 1787 2335 circulos
1824 2285 2026 2353 polares
2065 2283 2190 2345 sitis,
2227 2281 2415 2351 quibus

280 2368 435 2420 Luna
458 2369 727 2421 intervallo
765 2376 832 2421 24
870 2369 921 2421 h.
950 2372 1051 2421 48².
1078 2381 1184 2422 tam
1221 2372 1384 2422 oritur
1410 2371 1562 2441 quam
1588 2372 1712 2435 obit,
1754 2374 2036 2424 elevabitur
2062 2391 2203 2424 mare
2229 2372 2416 2423 eodem

277 2460 524 2527 temporis
563 2460 834 2510 intervallo
877 2461 972 2522 bis,
1019 2461 1271 2531 totiesque
1311 2461 1659 2529 deprimetur3
1723 2473 1875 2532 atque
1926 2473 2142 2531 utraque
2189 2461 2416 2512 maxima

277 2546 433 2597 maris
471 2546 688 2597 altitudo
725 2548 1005 2618 continget,
1036 2547 1165 2600 ,cum
1203 2548 1357 2600 Luna
1381 2550 1447 2599 ad
1473 2550 1817 2601 meridianum
1853 2550 1989 2600 illius
2027 2550 2129 2601 loci
2160 2549 2410 2617 pervenit,

277 2636 491 2687 minima
515 2635 639 2687 vero
665 2634 784 2687 cum
813 2636 968 2688 Luna
989 2636 1308 2688 horizontem
1336 2638 1553 2708 attingit.
1632 2638 1778 2689 Hinc
1803 2638 1959 2708 igitur
1986 2638 2231 2706 temporis
2257 2637 2414 2687 inter-

276 2725 469 2776 vallum
506 2725 640 2775 inter
676 2725 825 2775 binos
852 2743 1000 2794 aquae
1024 2725 1197 2776 fluxus
1222 2744 1315 2777 seu
1343 2745 1565 2779 summas
1594 2726 1906 2777 elevationes
1942 2726 2263 2795 interjectum
2289 2743 2415 2775 con-

276 2824 470 2866 stanter
495 2814 592 2865 erit
633 2821 695 2865 12
730 2813 783 2864 h.
812 2815 913 2865 24².
941 2815 1005 2865 ab
1041 2814 1310 2865 anomaliis
1349 2806 1521 2866 Lunae
1544 2824 1769 2865 mentem
1794 2813 2169 2874 abstrahend03
2209 2823 2262 2864 at
2286 2822 2413 2864 tem-

275 2925 372 2975 pus
399 2924 612 2957 summae
639 2905 998 2973 depressionis,
1040 2903 1158 2957 cum
1183 2905 1494 2973 respondeat
1518 2905 1756 2973 appulsui
1791 2905 1959 2955 Lunae
1985 2903 2052 2954 ad
2077 2902 2427 2964 horizontem,

276 3000 408 3050 inter
444 2999 593 3050 binas
631 2997 939 3048 elevationes
976 2998 1242 3067 aequaliter
1266 3016 1372 3048 non
1399 2996 1732 3065 interjacebit,
1763 2995 1854 3046 sed
1878 2995 2025 3046 alteri
2051 2991 2325 3044 elevationi
2351 2988 2413 3041 eo

278 3092 373 3141 erit
410 3088 639 3159 propius,
680 3088 784 3159 quo
808 3090 973 3157 major
997 3089 1153 3139 fuerit
1178 3086 1296 3139 cum
1331 3088 1433 3139 loci
1455 3087 1706 3156 propositi
1732 3086 1946 3137 elevatio
1970 3083 2078 3152 poli
2103 3092 2214 3133 tum
2242 3080 2410 3131 Lunae
2485 3133 2487 3135 .

278 3182 566 3243 declinatio,
594 3181 695 3232 hoc
722 3191 797 3231 est
822 3180 924 3250 quo
950 3182 1113 3249 majus
1139 3180 1291 3231 fuerit
1310 3180 1583 3231 discrimen
1609 3181 1741 3231 inter
1759 3189 1930 3229 ortum
1950 3176 2212 3227 obitumve
2240 3174 2408 3227 Lunae

279 3282 329 3322 et
350 3270 606 3322 circulum
630 3270 895 3321 horarium
923 3280 1141 3321 sextum.
1197 3301 1201 3305 ν

346 3364 389 3425 ᾗ.
418 3367 501 3411 59.
542 3358 645 3411 Sed
685 3360 1058 3429 conjungamus
1085 3377 1203 3410 cum
1231 3358 1384 3409 Luna
1423 3359 1527 3409 vim
1566 3357 1720 3419 Solis,
1762 3366 1820 3407 ut
1843 3365 2034 3407 nostrae
2062 3352 2414 3406 conclusiones

277 3450 440 3519 magis
478 3449 545 3500 ad
584 3450 965 3501 observationes
1003 3449 1368 3518 perducantur.
1445 3449 1526 3499 Ac
1557 3447 1727 3515 primo
1755 3446 1962 3516 quidem
1988 3443 2313 3496 manifestum
2338 3449 2415 3492 est

279 3547 510 3604 tempore
553 3548 658 3588 tam
698 3538 950 3588 novilunii
995 3537 1148 3607 quam
1190 3537 1461 3605 plenilunii
1499 3554 1689 3605 <aquam
1731 3533 1955 3585 maxime
1996 3532 2106 3583 fore
2146 3531 2411 3590 elevatam,

279 3627 488 3696 quando
527 3627 680 3678 Luna
714 3647 809 3697 per
846 3629 1188 3680 meridianum
1224 3628 1325 3680 loci
1361 3626 1557 3689 transit,
1598 3627 1790 3696 quippe
1827 3644 1929 3695 quo
1963 3631 2225 3675 momento
2260 3620 2413 3671 etiam

278 3717 372 3768 Sol
408 3715 474 3767 ad
511 3715 734 3767 eundem
771 3718 1111 3773 meridianum
1140 3718 1369 3787 appellit,
1410 3717 1452 3767 si
1488 3717 1696 3786 quidem
1724 3715 1931 3785 syzygia
1953 3714 2069 3782 ipso
2094 3711 2309 3763 meridie
2333 3707 2415 3759 vel

279 3805 446 3856 media
484 3814 636 3854 nocte
674 3803 980 3856 celebratur.
1065 3806 1422 3867 Quamobrem
1467 3805 1509 3855 si
1552 3803 1872 3855 novilunium
1913 3800 2318 3871 pleniluniumve
2360 3797 2423 3853 in,
2456 3851 2459 3852 γ

2508 3635 2528 3855 suff-masfl—
2520 3599 2528 3625 «η
2518 3587 2528 3591 ;
2519 3572 2528 3579 ⁴.
