2528 4172
725 276 827 329 ET
867 274 1291 328 REFLUXUS
1330 273 1594 326 MARIS.
2126 280 2229 326 239

1 420 11 455 l
82 424 226 469 motu.
263 417 431 469 Lunae
469 415 777 478 conferatur,
818 433 1171 485 supponamus
1206 415 1388 466 orbem
1424 415 1662 466 lunarem
1700 414 1833 485 aqua
1872 412 2139 483 compleri,
2180 426 2233 467 et

81 527 372 578 quaeramus
399 526 666 559 ascensum
703 507 855 575 hujus
882 525 1031 575 aquae
1067 523 1162 573 per
1203 506 1358 573 Prop.
1391 504 1487 556 IV.
1517 515 1568 556 et
1593 506 1659 556 V.
1739 506 1802 556 In
1833 505 1990 572 Prop.
2024 504 2090 555 V.
2120 515 2233 556 erat

82 598 157 648 vis
184 618 216 648 v
241 598 307 649 ad
342 617 393 668 g,
436 608 493 648 ut
522 604 544 647 1
578 597 643 648 ad
687 601 803 658 178,
835 601 970 655 7253
1010 613 1168 664 quare
1193 595 1247 644 in
1270 594 1371 644 hoc
1398 612 1520 665 casu
1544 592 1676 657 foret
1701 612 1737 643 x
1765 614 1775 644 ε
1807 593 1841 643 d
1867 614 1913 644 ::
1948 600 2011 645 15
2040 611 2101 642 v:
2133 600 2161 644 8
2191 612 2227 660 g

80 719 150 727 -—
177 688 313 755 57?ae
354 699 395 741 Χ
434 707 466 739 v
491 707 533 738 :2
568 695 588 737 1
622 707 633 737 :
665 686 888 750 91‚4'96:
918 685 1151 754 adeoque
1178 685 1441 736 semi-axis
1469 684 1653 755 figurae
1680 685 1745 735 ad
1773 686 2079 736 semi-axem
2100 704 2225 735 con-

72 775 310 848 jugatum
338 777 440 846 (vel
465 778 501 828 d
535 785 587 839 -1-
620 796 657 828 Χ
684 777 751 828 ad
776 776 812 827 d
837 807 908 816 --·
933 776 990 842 x)
1024 786 1078 827 ut
1104 782 1298 838 46‚248
1340 775 1407 826 ad
1445 783 1670 837 45,248;
1712 794 1827 844 quae
1853 776 1959 827 fere
1988 777 2233 847 congruit

80 884 199 918 cum
227 866 422 917 ratione
447 865 807 918 distantiarum
833 865 1001 917 Lunae
1026 866 1081 916 in
1107 865 1432 935 quadraturis
1459 875 1510 916 et
1535 864 1755 935 syzygiis
1783 882 1938 933 quam
1967 865 2227 935 Halleyus

81 975 148 1009 ex
185 956 629 1007 observationibus
669 955 879 1007 deducit
896 975 910 1017 3
949 953 1079 1007 adeo
1115 965 1174 1007 ut
1198 955 1368 1025 figura
1392 954 1578 1005 orbitae
1614 953 1810 1005 lunaris
1837 953 2010 1022 specie
2034 955 2125 1006 vix
2151 954 2232 1006 di-

79 1064 226 1097 versa
264 1045 330 1097 sit
366 1045 431 1095 ab
468 1043 528 1095 ea
566 1062 722 1113 quam
758 1044 944 1114 globus
972 1062 1165 1114 aqueus
1192 1043 1460 1112 quiescens
1501 1041 1671 1093 Lunae
1707 1041 1930 1092 orbitam
1958 1043 2224 1111 complens

81 1153 147 1185 ex
173 1134 223 1184 vi
253 1133 387 1185 Solis
414 1132 679 1194 indueret3
719 1132 890 1184 forent
914 1142 1087 1184 tamen
1123 1132 1379 1201 positione
1405 1131 1638 1195 diversae,
1668 1132 1925 1202 siquidem
1949 1132 2086 1183 illius
2114 1133 2230 1184 axis

78 1226 247 1276 minor
277 1224 451 1277 Solem
475 1224 730 1293 respiciat,
759 1223 911 1293 hujus
937 1225 1047 1275 axis
1074 1226 1237 1294 major
1263 1222 1440 1276 versus
1471 1224 1643 1277 Solem
1670 1224 1998 1295 dirigeretur.
2068 1225 2225 1277 Ratio

78 1315 280 1365 numeri
307 1320 372 1366 59
400 1313 467 1364 ad
494 1321 562 1365 60
593 1317 834 1383 (quarum
861 1312 1302 1365 semi-differentia
1328 1322 1406 1364 est
1430 1313 1494 1364 ad
1523 1314 1932 1364 semi-summam
1957 1323 2016 1364 ut
2044 1321 2072 1366 3
2100 1333 2134 1365 v
2159 1314 2225 1365 ad

0 1412 11 1472 ’Ξ
78 1423 114 1474 g
152 1402 304 1473 quam
342 1403 602 1473 proxime)
630 1402 793 1472 probe
833 1403 1072 1474 congruit
1109 1422 1227 1454 cum
1264 1404 1462 1455 ratione
1501 1404 1831 1455 semi-axium
1858 1405 2045 1476 figurae
2072 1426 2231 1476 quam

0 1480 15 1494 ἵ
85 1512 219 1562 aqua
245 1513 312 1544 ex
337 1494 387 1543 vi
415 1494 549 1545 Solis
576 1493 828 1554 indueret,
858 1493 901 1543 si
927 1492 1001 1542 vis
1039 1492 1303 1562 gravitatis
1330 1492 1510 1543 eadem
1537 1502 1671 1543 esset
1694 1511 1789 1561 per
1813 1504 1977 1544 totam
2005 1494 2232 1545 circum-

78 1582 346 1634 ferentiam
373 1584 423 1634 A
444 1583 488 1633 B
508 1602 538 1633 a
556 1582 607 1644 b,
637 1592 695 1633 ut
719 1580 1037 1632 ostendimus
1064 1581 1117 1630 in
1147 1580 1319 1633 Schol.
1354 1588 1398 1632 1.
1431 1581 1589 1650 Prop.
1619 1581 1685 1632 V.
1762 1583 2024 1633 Ascensus
2052 1595 2227 1635 autem

1 1735 3 1739 ,
78 1695 227 1745 aquae
258 1677 412 1745 Prop.
442 1675 507 1726 V.
536 1674 777 1726 definitus
806 1674 1044 1742 congruit
1069 1692 1186 1725 cum
1225 1672 1284 1724 ea
1325 1693 1477 1743 quam
1506 1692 1573 1724 ex
1600 1674 2051 1726 observationibus
2080 1677 2225 1727 colli-

79 1765 156 1834 git
209 1764 498 1833 Halleyus3
561 1763 700 1814 unde
750 1763 998 1831 suspicari
1055 1762 1174 1813 licet
1223 1762 1566 1813 differentiam
1616 1762 1991 1814 diametrorum
2045 1765 2230 1815 orbitae

78 1852 271 1903 lunaris
308 1851 465 1920 paulo
505 1852 617 1902 fieri
654 1852 902 1919 majorem
939 1868 1005 1900 ex
1042 1850 1372 1901 decremento
1410 1850 1675 1920 gravitatis
1714 1850 1885 1901 Lunae
1920 1852 1972 1901 in
2003 1851 2227 1903 Terram

82 1941 206 1992 dum
243 1942 425 1993 transit
461 1960 492 1991 a
529 1940 747 2011 syzygiis
786 1940 853 1990 ad
892 1938 1245 2009 quadraturas,
1289 1938 1442 1989 simili
1476 1937 1581 1990 fere
1618 1940 1817 1991 ratione
1844 1943 1944 2010 qua
1984 1960 2227 1993 ascensus

80 2050 227 2101 aquae
252 2032 445 2100 prodiit
469 2032 522 2081 in
547 2031 644 2082 hac
673 2030 1033 2099 Propositione
1059 2030 1223 2097 major
1258 2038 1472 2097 propter
1498 2047 1765 2080 excessum
1790 2030 2055 2100 gravitatis
2081 2050 2229 2100 aquae

6 2187 7 2190 Ἴ
79 2121 134 2171 in
173 2119 394 2170 Terram
430 2121 484 2170 in
520 2120 636 2171 loco
666 2120 710 2170 B
738 2138 894 2187 supra
930 2118 1091 2186 ipsius
1116 2118 1421 2188 gravitatem
1447 2118 1499 2167 in
1525 2118 1641 2168 loco
1668 2119 1719 2168 A
1742 2118 1959 2188 ‘aliisque
1986 2139 2016 2169 a
2042 2131 2220 2172 centro

0 2254 7 2273 „
82 2212 349 2263 distantiis.
426 2210 624 2263 Verum
663 2209 918 2280 quidquid
955 2210 996 2259 si
1025 2208 1365 2277 judicandum
1403 2208 1468 2259 de
1506 2209 1705 2259 ratione
1733 2209 2106 2260 diametrorum
2141 2229 2227 2261 or-

83 2306 206 2357 bitae
242 2306 452 2368 lunaris,
494 2324 557 2356 ex
596 2304 677 2355 his
716 2303 957 2374 colligere
995 2303 1115 2354 licet
1158 2320 1428 2353 ascensum
1464 2320 1613 2371 aquae
1653 2302 1811 2370 Prop.
1842 2301 1908 2352 V.
1950 2301 2227 2354 definitum

8 2435 14 2451 ,
80 2397 327 2464 majorem
362 2397 451 2447 vix
489 2395 705 2446 evadere
741 2403 956 2462 propter
991 2402 1192 2443 motum
1226 2391 1410 2443 Terrae
1436 2391 1680 2442 diurnum
1707 2392 1843 2442 circa
1876 2410 2027 2442 axem
2055 2411 2225 2444 suum.

84 2486 447 2554 Supponamus
474 2487 612 2538 enim
647 2485 787 2537 hunc
813 2494 1012 2536 motum
1038 2483 1216 2554 augeri
1252 2482 1420 2533 donec
1444 2482 1520 2533 vis
1546 2482 1834 2553 centrifuga
1859 2502 1925 2534 ex
1950 2483 2051 2534 hoc
2076 2494 2225 2535 motu

5 2639 9 2647 „
80 2573 300 2624 oriunda
336 2574 427 2625 fiat
464 2573 675 2644 aequalis
713 2572 966 2643 gravitati,
1007 2582 1058 2623 et
1093 2569 1362 2639 particulae
1387 2570 1542 2621 maris
1568 2570 1898 2621 revolvantur
1925 2571 1991 2621 ad
2018 2591 2224 2623 morem

82 2664 353 2715 satellitum
390 2664 445 2714 in
481 2664 660 2715 orbitis
699 2661 852 2732 quam
888 2660 1125 2731 proxime
1163 2662 1495 2713 circularibus
1524 2662 1745 2713 Terram
1781 2663 2220 2733 contingentibus.

83 2752 191 2804 Hae
230 2755 411 2805 orbitae
449 2764 601 2805 erunt
638 2753 894 2821 ellipticae‚
934 2770 1153 2822 quarum
1190 2771 1312 2803 axes
1350 2753 1576 2804 minores
1620 2754 1889 2821 productae
1927 2755 2222 2806 transibunt

0 2829 10 2869 ἶ
79 2862 174 2912 per
213 2844 403 2896 Solem.
481 2845 551 2895 Et
589 2843 631 2894 si
669 2842 996 2894 semi-axium
1034 2842 1322 2894 differentia
1349 2844 1413 2894 sit
1436 2844 1503 2894 ad
1530 2845 1994 2896 semi-diametrum
2020 2846 2218 2896 medio-

83 2952 223 2985 crem
258 2943 317 2986 ut
356 2942 385 2986 3
415 2934 465 2986 V
502 2933 567 2985 ad
609 2933 661 2986 G
702 2931 1008 3005 (secundum
1046 2952 1106 2984 ea
1143 2952 1259 3003 quae
1298 2934 1363 2985 de
1399 2933 1626 2985 motibus
1661 2936 1928 2987 lunaribus
1962 2936 2122 2988 tradit
2147 2937 2223 2986 vir

0 3048 23 3091 ,g
83 3025 424 3090 acutissimus)
464 3024 562 3076 erit
597 3023 766 3073 minor
804 3041 1018 3074 ascensu
1045 3041 1192 3092 aquae
1219 3021 1375 3090 supra
1399 3023 1612 3092 definito
1643 3024 1799 3093 Prop.
1829 3025 1894 3075 V.
1934 3025 1989 3075 in
2016 3043 2118 3093 qua
2142 3024 2223 3075 in-

2 3140 13 3173 5)
80 3112 314 3164 venimus
352 3119 383 3163 2
422 3130 460 3162 x
495 3130 604 3163 esse
642 3111 707 3162 ad
745 3110 780 3161 d
817 3121 875 3161 ut
917 3117 979 3162 15
1019 3110 1070 3161 V
1107 3110 1173 3160 ad
1212 3118 1242 3161 4
1284 3110 1353 3161 G.
1434 3109 1593 3171 Quod
1629 3112 1671 3161 si
1708 3129 2001 3180 quaeramus
2031 3110 2222 3162 horum

83 3203 410 3255 semi-axium
447 3202 788 3254 differentiam
825 3220 892 3253 ex
928 3202 1098 3271 figura
1134 3201 1317 3253 orbitae
1354 3202 1548 3253 lunaris
1586 3201 1838 3272 quatenus
1877 3221 1945 3254 ex
1978 3203 2222 3253 observa-

84 3294 307 3345 tionibus
333 3294 608 3345 innotescit
633 3291 917 3345 secundum
953 3292 1118 3344 claris.
1148 3292 1450 3362 Halleyum,
1491 3313 1676 3362 parum
1703 3294 1982 3345 admodum
2012 3312 2222 3362 supera-

83 3383 158 3435 bit
194 3403 461 3435 ascensum
499 3401 646 3453 aquae
685 3382 840 3452 supra
877 3383 1162 3435 definitum.
1240 3383 1353 3435 Nec
1387 3385 1577 3435 mirum
1614 3385 1657 3435 si
1691 3403 1799 3436 non
1832 3384 2070 3437 accurate
2098 3403 2222 3436 con-

83 3472 304 3535 veniant,
345 3470 462 3524 cum
499 3472 721 3542 gravitas
761 3472 927 3523 Lunae
954 3470 1130 3523 versus
1157 3471 1378 3523 Terram
1406 3482 1648 3542 sequatur
1673 3474 1928 3526 rationem
1962 3475 2222 3526 inversam

84 3563 395 3631 duplicatam
444 3563 817 3625 distantiarum,
874 3563 1098 3634 gravitas
1149 3582 1297 3631 aquae
1345 3565 1511 3633 major
1560 3583 1767 3633 quoque
1817 3565 1883 3616 sit
1931 3565 1985 3615 in
2034 3566 2219 3634 maj0ri

85 3650 338 3713 distantia,
367 3652 459 3702 sed
482 3670 588 3702 non
613 3652 667 3701 in
692 3650 872 3702 eadem
897 3652 1112 3702 ratione.
1192 3649 1328 3702 Cum
1352 3651 1467 3701 haec
1492 3651 1836 3719 phaenomena
1861 3652 1961 3705 sint
1980 3654 2217 3722 analoga,

86 3753 135 3794 et
171 3743 268 3795 sibi
304 3741 485 3793 mutuo
524 3742 747 3811 aliquam
772 3742 941 3793 lucem
967 3743 1198 3804 afferant,
1238 3742 1353 3793 haec
1379 3742 1445 3793 de
1469 3743 1530 3794 iis
1556 3743 1691 3795 inter
1716 3763 1771 3796 se
1796 3743 1995 3797 collatis
2021 3761 2219 3795 memo-

85 3849 199 3886 rare
233 3834 504 3887 videbatur
531 3851 705 3902 operae
729 3833 985 3902 praetium.
1067 3834 1418 3902 Supponimus
1443 3843 1617 3886 tamen
1651 3833 1739 3887 hic
1764 3853 1914 3904 aquae
1938 3845 2138 3886 motum
2168 3833 2223 3882 in

1119 3920 1146 3959 S
1165 3926 1190 3958 2
