2528 4172
584 247 900 302 FLUXUS
938 248 1039 300 AC
1081 246 1502 301 REFLUXUS
1542 242 1803 298 MARIS.
2160 243 2299 318 267·

188 390 226 454 §.
257 394 341 440 32.
384 388 784 441 Consideremus
822 390 981 460 igitur
1016 388 1245 457 primum
1284 390 1506 441 Terram
1543 389 1598 439 in
1633 396 1767 438 statu
1798 402 1892 436 suo
1929 380 2169 443 naturali,
2211 380 2265 432 in

117 498 271 549 quem
307 500 361 532 se
398 480 505 533 sola
543 482 593 532 vi
629 483 896 553 gravitatis
935 483 1258 551 composuit3
1297 482 1351 532 in
1380 500 1498 551 quo,
1540 479 1659 531 cum
1684 478 1925 529 habitura
1950 475 2015 526 sit
2041 475 2263 545 figuram

115 570 438 638 sphaericam,
480 583 816 640 repraesentet
854 573 1075 624 circulus
1114 574 1165 624 A
1191 574 1246 626 D
1277 574 1322 624 B
1352 573 1398 623 E
1438 590 1528 622 seu
1564 571 1738 639 potius
1773 571 1960 641 globus
1989 570 2097 638 ejus
2124 580 2262 620 rota-

115 659 255 711 tione
281 671 424 713 ortus
453 661 688 725 Terram,
728 680 885 731 quam
909 672 1163 730 praeterea
1188 662 1417 732 undique
1443 659 1575 729 aqua
1604 659 1965 710 circumfusam
2000 659 2260 727 ponimus.

115 747 365 799 Versetur
392 750 504 818 jam
544 751 634 803 Sol
672 750 753 801 vel
791 750 945 801 Luna
981 751 1035 800 in
1076 752 1129 814 S,
1170 770 1201 801 a
1227 752 1370 819 cujus
1397 750 1448 800 vi
1482 746 1601 800 cum
1626 749 1852 818 gravitas
1878 748 2127 799 naturalis
2155 759 2260 799 tam

111 837 167 888 in
205 839 256 889 A
294 837 449 908 quam
486 841 540 891 in
581 841 627 893 B
665 841 997 904 diminuatur,
1037 842 1090 892 in
1130 843 1186 894 D
1212 840 1334 892 vero
1361 851 1412 892 et
1440 840 1486 890 E
1517 849 1785 910 augeatur,
1825 840 2156 891 manifestum
2182 850 2261 892 est

112 926 333 978 Terram
360 947 449 979 seu
474 928 646 997 potius
672 948 860 1000 aquam
884 931 960 981 illi
985 930 1347 982 circumfusam
1374 930 1628 981 elevatum
1653 929 1717 979 iri
1742 929 1796 979 in
1823 930 1874 980 A
1901 940 1952 981 et
1980 931 2042 993 B,
2080 930 2259 984 contra

109 1014 234 1067 vero
277 1016 331 1067 in
374 1018 430 1070 D
474 1028 524 1069 et
569 1019 616 1070 E
659 1019 895 1088 deprimi,
938 1020 1095 1090 idque
1135 1038 1378 1088 eousque,
1423 1018 1595 1088 quoad
1637 1017 2019 1070 sollicitationes
2064 1041 2094 1071 a.
2135 1022 2257 1075 Sole

110 1105 327 1158 Lunave
351 1108 406 1157 in
435 1108 472 1160 S
498 1109 733 1160 oriundae
754 1118 873 1162 cu'm
891 1110 942 1161 vi
966 1109 1230 1181 gravitatis
1252 1109 1318 1160 ad
1337 1109 1498 1178 aequi-

106 1194 313 1246 librium
340 1196 530 1249 fuerint
554 1199 793 1251 redactae.
850 1201 928 1252 Sit
953 1201 1126 1270 itaque
1146 1219 1303 1252 curva
1320 1220 1350 1251 a
1366 1200 1400 1250 d
1416 1200 1450 1251 b
1468 1219 1496 1250 e

107 1302 168 1335 ea
211 1284 395 1354 figura,
443 1304 559 1355 quae
602 1287 737 1339 circa
776 1307 928 1339 axem
962 1308 993 1340 a
1017 1289 1051 1339 b
1085 1299 1253 1341 rotata
1284 1298 1498 1360 generet

110 1367 293 1419 Terrae
318 1369 554 1434 formam,
586 1392 740 1441 quam
766 1393 797 1425 a
820 1374 871 1425 vi
896 1375 962 1425 ad
1002 1376 1039 1427 S
1065 1374 1259 1427 directa
1286 1376 1494 1427 tandem

104 1454 333 1522 recipiet,
353 1465 507 1525 atque
527 1455 645 1508 cum
663 1478 810 1528 aquae
827 1478 966 1510 nunc
982 1471 1245 1528 ponantur
1263 1462 1315 1511 in
1334 1460 1497 1530 aequi-

102 1539 256 1590 librio
293 1542 601 1605 constitutae,
644 1563 856 1596 necesse
894 1555 972 1598 est
995 1556 1053 1597 ut
1078 1547 1293 1599 directio
1323 1548 1496 1598 media

104 1631 337 1682 omnium
375 1632 810 1697 sollicitationum,
853 1636 1038 1705 quibus
1067 1638 1285 1708 singulae
1312 1638 1496 1689 Terrae

102 1722 371 1789 particulae
408 1724 462 1774 in
499 1725 738 1793 suprema
766 1728 1038 1795 superficie
1074 1729 1185 1780 sitae
1223 1739 1492 1799 urgentur,

107 1811 176 1862 ad
219 1814 386 1882 ipsam
430 1817 755 1884 superficiem
794 1819 859 1869 sit
897 1820 1159 1872 normalis.
1238 1821 1416 1882 Quare
1454 1821 1497 1873 si

102 1904 415 1971 particulam
454 1924 814 1978 quamcunque
854 1908 920 1961 M
958 1921 1265 1979 spectemus,
1304 1931 1365 1962 ea
1388 1912 1495 1980 pri-

103 1990 249 2044 mum
275 2014 305 2045 a
329 1997 579 2066 gravitate
605 1998 827 2049 naturali
852 1999 907 2049 in
933 2000 1214 2053 directione
1244 2002 1308 2054 M
1338 2002 1383 2054 C
1408 2022 1496 2053 ur-

102 2092 255 2153 getur
284 2083 412 2134 de01
414 2103 544 2147 sum,
577 2085 733 2155 idque
764 2087 829 2150 vi,
854 2107 1008 2158 quam
1029 2101 1322 2143 constanter
1346 2092 1497 2160 poni-

106 2191 222 2223 mus
258 2193 309 2220 =
350 2181 411 2235 13
452 2175 644 2244 quippe
683 2195 800 2247 quae
834 2189 910 2229 est
947 2179 1060 2248 ipsa
1082 2182 1306 2252 gravitas
1332 2183 1386 2233 in
1412 2202 1497 2234 su-

101 2262 314 2331 perficIe
352 2264 552 2330 Terrae,
593 2286 655 2318 eo
685 2267 825 2337 quod
862 2270 1079 2323 elevatio
1104 2273 1186 2324 vel
1224 2273 1488 2342 depressio

104 2354 371 2421 particulae
398 2355 694 2409 distantiam
721 2360 829 2429 ejus
856 2381 886 2412 a
912 2373 1089 2414 centro
1112 2364 1311 2428 Terrae,
1334 2386 1365 2417 a
1388 2366 1488 2436 qua
1508 2368 1724 2420 variatio
1748 2368 2015 2440 gravitatis
2041 2367 2252 2437 pendet,

102 2444 410 2496 sensibiliter
445 2465 553 2498 non
588 2448 840 2502 immutet.
932 2452 1144 2505 DeInde
1187 2455 1312 2506 vero
1351 2457 1534 2509 eadem
1571 2458 1825 2527 particula
1863 2459 1929 2511 M
1968 2479 1998 2510 a
2034 2460 2086 2510 vi
2123 2459 2177 2509 in
2219 2459 2257 2511 S

107 2535 358 2588 existente
396 2538 695 2591 sollicitatur
730 2541 926 2611 duplici
962 2544 1028 2606 vi,
1070 2563 1290 2614 quarum
1323 2547 1531 2600 alterius
1558 2549 1774 2601 directio
1813 2550 1867 2600 in
1905 2550 2072 2618 ipsam
2113 2549 2179 2601 M
2210 2549 2254 2600 C

101 2622 297 2688 incidit,
327 2625 534 2678 alterius
560 2627 683 2679 vero
709 2629 764 2679 in
793 2629 860 2682 M
879 2631 929 2688 R
956 2634 1243 2685 normalem
1270 2635 1336 2686 ad
1365 2636 1430 2687 M
1454 2637 1514 2688 C.
1594 2638 1857 2699 Quocirca
1882 2639 2042 2690 trium
2068 2639 2255 2689 harum

103 2713 292 2765 virium
326 2716 550 2768 mediam
587 2718 922 2772 directionem
959 2723 1188 2776 incidere
1226 2737 1432 2794 oportet
1467 2729 1520 2779 in
1557 2740 1753 2781 rectam
1794 2731 1859 2782 M
1892 2732 1936 2783 N
1966 2731 2254 2782 normalem

105 2805 173 2857 ad
203 2825 413 2859 curvam
440 2828 469 2859 a
495 2808 561 2860 M
587 2809 638 2873 d,
667 2829 771 2880 quo
795 2811 907 2880 ipso
932 2823 1119 2866 natura
1142 2814 1295 2885 hujus
1323 2836 1494 2870 curvae
1521 2819 1962 2873 determinabitur.

174 2902 213 2965 ᾗ.
242 2905 327 2950 33.
367 2898 605 2950 Dubium
640 2899 727 2952 hic
764 2903 1002 2955 subnasci
1040 2917 1228 2974 posset,
1271 2909 1411 2978 quod
1438 2909 1556 2962 cum
1583 2912 1649 2963 ad
1686 2932 1918 2982 praesens
1958 2915 2253 2966 institutum

104 2987 334 3039 omnium
371 2989 574 3053 virium,
617 2992 801 3061 quibus
840 2994 1058 3065 singulae
1096 2998 1365 3065 particulae
1393 3002 1750 3068 sollicitantur,
1792 3006 1924 3057 ratio
1952 3007 2134 3057 haberi
2162 3008 2252 3062 de-

102 3074 237 3139 beat,
278 3095 391 3128 eam
427 3077 515 3130 hic
550 3080 888 3151 negligamus,
919 3102 1034 3153 quae
1061 3105 1091 3136 a
1115 3086 1165 3136 vi
1192 3088 1477 3161 centrifuga
1515 3093 1687 3145 motus
1728 3096 1912 3147 Terrae
1938 3096 2112 3148 diurni
2151 3099 2254 3149 ori-

103 3173 206 3228 tur,
246 3168 438 3237 quippe
475 3187 591 3238 quae
628 3189 734 3222 non
772 3170 939 3224 solum
973 3193 1081 3225 non
1119 3187 1196 3228 est
1240 3178 1439 3232 infinite
1478 3201 1658 3251 parva,
1700 3186 1791 3236 sed
1834 3187 2009 3238 multis
2056 3188 2254 3241 vicibus

103 3257 282 3325 maj0r,
323 3255 477 3326 quam
514 3258 646 3311 vires
683 3280 801 3330 quae
837 3262 919 3314 vel
960 3284 989 3315 a
1018 3266 1139 3318 Sole
1163 3268 1245 3320 vel
1271 3270 1424 3323 Luna
1451 3273 1733 3326 lesultant:
1774 3277 1866 3328 sed
1893 3279 2012 3347 quia
2036 3279 2150 3331 haec
2177 3280 2253 3332 vis

106 3359 430 3401 constantem
467 3352 709 3420 producit
744 3355 1001 3421 effectum,
1042 3356 1227 3411 Terrae
1266 3363 1459 3416 scilicet
1491 3365 1715 3436 figuram
1752 3369 2146 3437 sphaeroidicam
2188 3374 2256 3425 ad

104 3436 252 3505 polos
290 3456 652 3506 compressam,
693 3445 1049 3508 mutationem,
1091 3465 1208 3516 quae
1246 3449 1299 3499 in
1333 3450 1479 3503 fluxu
1505 3473 1565 3505 ac
1597 3457 1801 3508 refluxu
1826 3459 1983 3510 maris
2010 3460 2198 3513 observ
2186 3482 2260 3513 a·

106 3536 208 3588 tur,
254 3528 562 3581 sensibiliter
604 3531 807 3585 afficere
850 3537 1046 3606 nequit.
1139 3539 1351 3592 Deinde
1396 3546 1629 3612 quamvis
1675 3546 1761 3599 1116
1800 3549 2023 3620 figuram
2069 3553 2254 3603 Tenae

109 3608 415 3740 sphaericam
441 3637 711 3687 ponamuS,
754 3633 928 3677 tamen
954 3628 1008 3678 in
1033 3629 1413 3682 abenationem
1444 3635 1708 3704 praecipue
1734 3638 1799 3689 ab
1825 3639 1922 3692 hac
1950 3641 2116 3711 figura
2146 3653 2249 3693 tam

108 3706 299 3758 aSole
337 3725 492 3776 quam
531 3709 683 3763 Luna
724 3714 1039 3772 oriundam
1025 3718 1363 3787 lnquirimus·
1404 3720 1731 3776 manifestum
1757 3739 1930 3779 autem
1957 3740 2048 3792 est,
2090 3750 2254 3799 quan-

109 3804 220 3848 tum
257 3797 425 3869 figura
460 3818 608 3870 aquae
644 3802 712 3855 ob
738 3804 871 3857 vires
901 3806 1035 3859 Solis
1067 3807 1300 3861 Lunaeve
1338 3829 1368 3861 a
1406 3795 1659 3881 sphoerica
1688 3819 1909 3884 recedat,
1947 3820 2252 3872 tantundem
