2528 4172
303 278 406 323 210
799 274 907 326 DE
947 274 1201 327 CAUSA
1243 276 1583 329 PHYSICA
1622 277 1937 331 FLUXUS

296 422 442 463 motu
480 413 648 464 Lunae
684 413 958 481 desumpta
995 414 1305 478 adhibenda,
1349 426 1407 467 ut
1430 426 1633 486 tempus
1660 436 1764 487 quo
1788 435 1931 468 mare
1957 417 2025 467 ad
2050 417 2329 467 maximam
2354 435 2433 468 as-

296 513 473 574 surget
505 503 830 554 altitudinem
866 503 950 554 die
986 505 1238 556 novilunii
1274 507 1355 557 vel
1390 508 1660 575 plenilunii
1685 507 1971 559 accuratius
1998 508 2290 560 definiatur.
2367 509 2433 560 In

294 593 544 643 aestuariis
571 601 743 643 autem
770 592 958 643 diversi
984 593 1212 646 existunt
1237 605 1390 645 aestus
1416 605 1665 665 tempore,
1706 605 1766 647 ut
1784 597 2030 666 ³loquitur
2068 596 2285 659 Plinius,
2325 615 2433 647 non

292 687 491 737 ratione
517 684 796 736 discordes.
870 686 999 737 Duo
1023 696 1180 738 aestus
1206 687 1295 756 qui
1321 687 1535 757 singulis
1562 689 1744 739 diebus
1769 688 2148 756 producuntur,
2178 708 2286 740 non
2314 701 2435 740 sunt

292 793 496 843 semper
520 774 776 844 aequales3
815 758 1055 826 matutini
1081 777 1219 827 enim
1244 778 1465 846 majores
1493 788 1612 830 sunt
1635 780 1939 848 vespertinis
1973 789 2207 849 tempore
2242 781 2432 850 hyber-

291 881 376 926 no,
405 863 630 913 minores
656 875 891 931 tempore
915 864 1112 926 aestivo,
1139 865 1429 933 praesertim
1452 867 1508 925 in
1533 867 1751 937 syzygiis
1777 868 2125 919 luminarium.
2154 869 2219 937 (ἃ)

361 950 435 1001 II.
474 950 562 1001 De
587 961 732 1001 motu
756 950 913 1001 maris
938 962 1201 1003 menstruo
1226 953 1325 1004 tria
1349 952 1611 1023 praecipue
1638 965 1757 1006 sunt
1775 955 2111 1007 observanda.
2177 962 2225 1007 1.
2248 956 2431 1008 AEstus

288 1040 423 1091 fiunt
445 1039 660 1090 maximi
686 1039 900 1110 singulis
926 1041 1190 1093 mensibus
1214 1041 1370 1110 paulo
1394 1053 1515 1111 post
1539 1043 1772 1113 syzygias
1795 1044 1927 1096 Solis
1948 1054 2000 1095 et
2019 1045 2205 1107 Lunae,
2229 1044 2432 1095 decres-

289 1140 414 1182 cunt
437 1130 492 1181 in
516 1130 932 1183 transituLunae
957 1131 1025 1182 ad
1050 1132 1404 1202 quadraturas,
1445 1144 1497 1186 et
1533 1144 1651 1185 sunt
1685 1133 1988 1204 paulopost
2013 1136 2225 1186 minimi.
2301 1135 2422 1187 Dif-

285 1221 501 1272 ferentia
525 1230 668 1272 tanta
693 1230 785 1284 est,
814 1231 872 1272 ut
897 1239 1137 1274 ascensus
1172 1224 1328 1275 totius
1354 1243 1503 1294 aquae
1525 1212 1782 1277 maximus
1809 1227 1874 1277 sit
1899 1227 1967 1278 ad
1990 1227 2263 1278 minimum
2291 1228 2426 1295 ejus-

286 1315 405 1365 dem
429 1314 637 1376 mensis,
668 1312 954 1365 secundum
979 1315 1231 1385 quasdam
1256 1316 1657 1381 observationes,
1690 1327 1749 1369 ut
1775 1326 1806 1371 9
1833 1318 1900 1370 ad
1926 1325 1975 1381 5,
2005 1330 2055 1370 et
2081 1319 2136 1368 in
2161 1318 2430 1368 nonnullis

285 1403 488 1454 casibus
528 1402 820 1454 differentia
864 1403 1170 1456 observatur
1212 1405 1385 1457 adhuc
1426 1408 1607 1475 major.
1702 1413 1752 1458 2.
1799 1407 1982 1458 AEstus
2026 1417 2146 1458 sunt
2187 1407 2425 1474 majores,

284 1495 482 1546 caeteris
520 1495 749 1563 paribus,
792 1494 895 1564 quo
931 1496 1103 1547 minor
1140 1506 1219 1548 est
1253 1497 1495 1548 distantia
1521 1497 1688 1548 Lunae
1714 1517 1744 1548 a
1770 1497 1955 1559 Terra,
1982 1497 2138 1566 idque
2164 1497 2218 1547 in
2244 1496 2428 1564 majori

285 1587 485 1637 ratione
511 1585 667 1656 quam
692 1587 895 1638 inversa
919 1587 1179 1655 duplicata
1204 1588 1578 1651 distantiarum,
1616 1598 1676 1639 ut
1709 1606 1773 1639 ex
1797 1587 1952 1638 variis
1978 1587 2425 1638 observationibus

284 1675 564 1746 colligitur.
618 1677 719 1728 Ex.
740 1696 819 1748 gr.
841 1695 979 1728 anno
1000 1683 1153 1733 1713.
1180 1697 1421 1730 3500115115
1441 1697 1589 1748 aquae
1613 1678 1668 1728 in
1688 1679 1851 1730 Portu
1880 1678 2189 1740 Bristonico,
2216 1677 2277 1746 (¹³)
2302 1676 2432 1727 refe-

281 1776 428 1817 rente
465 1767 649 1818 eodem
677 1767 740 1819 cl.
767 1768 895 1831 viro,
936 1775 1042 1821 26⁰.
1053 1768 1208 1820 Febr.
1235 1768 1331 1820 fuit
1353 1769 1547 1838 pedum
1573 1775 1640 1820 22
1666 1768 1947 1839 digitorum
1975 1775 2025 1820 5.
2053 1778 2104 1819 et
2130 1768 2316 1819 Martii
2337 1774 2440 1819 13⁰.

281 1858 476 1926 pedum
517 1865 599 1911 18.
629 1858 774 1929 digit.
805 1866 854 1911 2.
933 1858 1231 1912 Declinatio
1267 1859 1435 1911 Lunae
1471 1859 1526 1910 in
1562 1868 1782 1928 utroque
1820 1877 1942 1909 casu
1978 1857 2084 1909 fere
2109 1857 2333 1923 >eadem3
2373 1856 2428 1906 in

281 1946 445 2013 priori
482 1946 727 1997 distantia
764 1946 933 1999 Lunae
969 1947 1196 2017 partium
1223 1955 1345 2011 953,
1384 1948 1438 1998 in
1461 1948 1736 2016 posteriori
1758 1947 1987 2015 partium
2017 1953 2172 2009 1032,
2203 1964 2426 2014 quarum

284 2036 528 2088 distantia
564 2037 838 2088 mediocris
882 2048 958 2089 est
1005 2045 1160 2090 1000.
1242 2037 1340 2089 Est
1375 2047 1548 2089 autem
1592 2036 1900 2107 quadratum
1930 2036 2134 2087 numeri
2180 2042 2317 2087 1032
2366 2036 2433 2086 ad

281 2130 592 2199 quadratum
629 2132 833 2182 numeri
872 2138 992 2194 953,
1046 2141 1105 2182 111
1142 2137 1209 2181 22
1244 2130 1404 2199 pedes
1444 2137 1474 2183 5
1513 2130 1658 2201 digit.
1698 2129 1764 2181 ad
1805 2137 1869 2182 19
1907 2129 2066 2198 pedes
2109 2127 2174 2193 1}
2210 2128 2432 2198 digitos;

281 2238 524 2271 ascensus
551 2231 723 2272 autem
748 2239 898 2290 aquae
923 2221 977 2271 in
1002 2220 1277 2289 posteriori
1303 2238 1424 2271 casu
1448 2218 1544 2271 fuit
1569 2218 1773 2270 tantum
1797 2226 1860 2270 18
1888 2218 2005 2287 ped.
2028 2236 2144 2269 cum
2172 2224 2203 2268 2
2231 2217 2422 2288 digitis.

285 2317 334 2360 3.
376 2309 564 2361 AEstus
604 2320 739 2373 sunt,
782 2311 980 2362 caeteris
1017 2290 1245 2378 paribus,
1285 2310 1522 2378 majoreS,
1564 2307 1682 2360 cum
1723 2308 1878 2359 Luna
1903 2317 2137 2359 versatur
2161 2307 2215 2357 in
2241 2306 2434 2357 circulo

287 2401 651 2468 aequinoctiali,
680 2410 733 2452 et
756 2401 1062 2452 minuuntur
1088 2409 1350 2452 crescente
1377 2400 1549 2451 Lunae
1575 2398 1923 2450 declinatione
1949 2397 2014 2449 ab
2039 2396 2142 2447 hoc
2166 2395 2374 2447 circulo.
2458 2436 2465 2477 ἑ

356 2492 462 2544 III.
509 2492 693 2543 AEstus
737 2492 888 2554 fiunt,
932 2493 1130 2544 caeteris
1184 2493 1413 2561 paribus,
1453 2492 1689 2559 majores,
1735 2489 1839 2560 quo
1874 2489 2045 2540 minor
2081 2499 2158 2540 est
2193 2477 2464 2539 distantia³

288 2583 426 2635 Solis
466 2604 496 2635 a
534 2585 730 2646 Terra3
769 2584 1004 2653 adeoque
1042 2583 1264 2652 majores
1298 2583 1483 2652 hyeme
1523 2581 1721 2633 caeteris
1763 2579 1991 2648 paribus,
2037 2576 2194 2647 quam
2237 2587 2431 2630 aestate.

282 2673 602 2725 Differentia
638 2673 766 2725 vero
805 2672 961 2744 longe
998 2674 1171 2724 minor
1206 2682 1285 2724 est
1321 2671 1476 2742 quam
1504 2691 1621 2742 quae
1647 2690 1713 2722 ex
1737 2670 1950 2721 diversis
1989 2668 2157 2721 Lunae
2182 2668 2433 2719 distantiis

282 2764 462 2815 oritur.
521 2764 621 2815 Ex.
649 2783 728 2836 gr.
757 2764 1020 2816 distantiae
1050 2763 1223 2817 Lunae
1248 2764 1473 2834 perigeae
1497 2762 1708 2814 fuerunt
1731 2759 1955 2831 aequales
1981 2759 2125 2811 Junii
2165 2766 2246 2821 19,
2279 2760 2430 2813 1711.

282 2865 333 2906 et
360 2857 661 2907 Decembri.
691 2863 781 2918 28,
817 2862 970 2911 1712.
998 2873 1240 2906 ascensus
1266 2873 1413 2924 aquae
1449 2854 1623 2922 priore
1648 2852 1732 2903 die
1755 2851 1949 2920 pedum
1979 2856 2039 2901 18
2068 2849 2210 2919 digit.
2238 2856 2287 2900 4.
2313 2866 2431 2916 pos-

282 2944 462 2995 teriori
498 2944 695 3013 pedum
740 2952 822 2996 19.
861 2944 1008 3015 digit.
1049 2951 1133 3004 2.;
1173 2943 1448 3010 declinatio
1484 2952 1657 2993 autem
1694 2940 1863 2993 Lunae
1887 2937 1982 2990 fuit
2005 2936 2161 3006 paulo
2185 2936 2355 2987 minor
2378 2937 2431 2987 in

281 3033 379 3084 hac
406 3031 561 3102 quam
588 3034 642 3083 in
675 3033 763 3083 illa
789 3032 1161 3083 observatione.
1192 3032 1250 3100 (⁰)

357 3120 526 3172 Porro
569 3122 624 3172 in
669 3120 892 3172 diversis
942 3120 1073 3171 locis
1115 3130 1272 3171 aestus
1316 3127 1436 3170 sunt
1477 3117 1681 3180 diversi,
1725 3134 1824 3185 pro
1864 3113 2005 3165 varia
2046 3112 2279 3163 locorum
2319 3113 2434 3164 lati-

290 3211 489 3274 tudine,
543 3230 832 3281 eorumque
877 3210 978 3262 situ
1022 3220 1259 3278 respectu
1302 3209 1481 3261 oceani
1530 3208 1669 3259 unde
1716 3214 2083 3275 propagantur,
2128 3223 2226 3273 pro
2273 3202 2434 3271 ipsius

288 3300 469 3350 oceani
513 3292 876 3369 amplitudine,
924 3308 976 3351 et
1019 3298 1254 3350 littorum
1294 3297 1648 3366 fretorumque
1693 3294 1883 3356 indole,
1926 3292 2137 3362 aliisque
2178 3291 2329 3343 variis
2369 3290 2434 3342 de

284 3407 466 3440 0311515.

316 3581 402 3649 ,(3)
426 3581 554 3620 Mem.
576 3582 624 3620 de
643 3583 802 3623 l’Acad.
831 3585 992 3634 Royale,
1018 3588 1132 3624 1710.
1159 3587 1271 3624 1712.
1297 3590 1337 3622 et
1449 3581 1507 3634 (⁰)
1539 3580 1661 3620 Mc-m.
1684 3580 1734 3619 de
1751 3579 1908 3619 l'Acad.
1937 3578 2098 3629 Royale,
2122 3580 2234 3631 1710.
2262 3580 2373 3618 1712.
2395 3582 2434 3613 ct

291 3639 407 3739 1123).
425 3687 528 3725 ijd,
1393 3638 1507 3675 1713.
