2528 4172
653 428 1757 598 1NTRODUCT16

1168 682 1254 722 AD

811 859 1221 925 TERTIUM
1264 855 1613 917 LIBRUM

413 1083 1243 1150 PHILOSOPHIAE
1318 1050 2008 1146 NATURALIS

946 1271 1031 1325 IS.
1073 1266 1474 1321 NEWTONI.

1058 1480 1376 1498 ΜἊἏἉἉ

859 1637 1148 1698 CAPUT
1191 1635 1573 1697 PRIMUM.

154 1789 332 1856 Quale
372 1791 528 1850 oculo
577 1793 729 1851 nudo
771 1802 1052 1869 appareat
1094 1793 1289 1853 mundi
1335 1801 1577 1870 systema
1615 1789 1813 1869 paucis
1864 1789 2188 1866 exponitur,
2235 1797 2293 1848 et

426 1891 622 1969 prima
649 1892 1031 1951 Astronomioe
1057 1892 1359 1950 Elementa
1390 1892 1635 1950 breviter
1660 1897 2017 1949 revocantur.

159 2075 204 2121 1.
231 2042 486 2120 mezA
520 2064 719 2117 telluris
757 2074 835 2117 est
869 2063 1252 2134 propemodum
1288 2065 1559 2134 sphaerica,
1597 2075 1649 2117 et
1671 2062 1791 2116 ideo
1816 2063 2055 2135 gravium
2080 2063 2296 2116 directio

154 2165 235 2227 (ut
269 2166 391 2226 pote
429 2174 546 2226 quae
582 2173 834 2225 aquarum
872 2142 1220 2225 stagnantium
1258 2155 1548 2224 superficiei
1588 2153 2034 2223 perpendicularis
2079 2154 2177 2217 est)
2230 2153 2298 2204 ad

154 2255 389 2299 centrum
429 2255 584 2296 terrae
625 2244 792 2296 tendit
832 2263 986 2314 quam
1024 2243 1278 2312 proxime.
1358 2245 1509 2296 Patet
1550 2262 1645 2312 per
1685 2243 1923 2311 Eclipses
1967 2243 2203 2294 Lunares
2243 2242 2299 2293 in

161 2335 346 2406 quibus
372 2334 556 2385 umbra
580 2334 853 2396 terrestria,
895 2333 949 2384 in
988 2351 1364 2403 quamcumque
1392 2333 1509 2385 coeli
1533 2333 1743 2403 plagam
1767 2341 1964 2403 vergat,
1994 2346 2071 2383 est
2097 2350 2300 2401 semper

159 2428 226 2479 ad
252 2445 461 2479 sensum
485 2424 762 2477 circularis.

203 2564 206 2568 ,
231 2521 281 2566 2.
311 2513 600 2584 Spectatori
624 2513 854 2565 terrestri
880 2511 1068 2563 coelum
1094 2521 1308 2581 apparet
1323 2521 1569 2582 tanquam
1586 2512 1883 2582 superficies
1905 2511 2158 2581 sphaerica
2177 2529 2300 2563 con-

161 2624 301 2669 cava,
350 2605 509 2660 stellis
552 2604 788 2674 plurimis
834 2603 1090 2665 distincta,
1137 2604 1281 2672 cujus
1331 2602 1444 2672 ipse
1485 2615 1742 2672 spectator
1786 2616 2021 2656 centrum
2064 2614 2298 2672 occupat,

167 2714 385 2766 quaeque
410 2692 547 2746 circa
570 2701 764 2762 puncta
788 2691 896 2744 fixa
929 2690 1025 2743 ceu
1051 2691 1285 2743 cardines
1312 2692 1380 2743 ab

165 2794 285 2836 ortu
321 2784 388 2837 ad
424 2802 667 2836 occasum
691 2781 1016 2852 aequabiliter
1042 2782 1375 2845 convertitur,

165 2884 222 2928 et
246 2881 314 2926 24
340 2874 543 2926 circiter
566 2873 709 2924 horis
728 2872 984 2944 integram
1003 2871 1380 2924 revolutionem

170 2963 405 3016 absolvit.
497 2963 702 3033 Puncta
742 2961 831 3013 illa
880 2962 1119 3031 opposita
1159 2962 1204 3014 P
1247 2971 1300 3014 et
1341 2981 1379 3031 p

173 3051 313 3105 circa
350 3072 478 3124 *quae
532 3053 692 3105 rotari
745 3052 949 3103 videtur
994 3050 1214 3122 sphaera,
1264 3054 1381 3119 poli

171 3143 353 3195 mundi
378 3143 639 3207 dicuntur,
662 3161 883 3214 quorum
907 3143 951 3194 is
973 3144 1062 3213 qui
1080 3143 1229 3195 nobis
1256 3161 1380 3195 con-

176 3232 383 3306 spicuus
425 3242 516 3296 est,
558 3242 618 3285 ut
663 3232 724 3296 P,
770 3232 990 3303 arcticus
1034 3233 1111 3284 vel
1159 3233 1379 3286 borealis

184 3321 388 3386 dicitur,
428 3324 528 3393 ipsi
564 3322 689 3375 vero
716 3324 983 3393 oppositus
1008 3342 1044 3393 p
1070 3325 1379 3377 antarcticus

176 3428 268 3462 seu
292 3412 527 3464 australis
552 3413 856 3482 appellatur.
934 3413 1100 3465 Recta
1122 3414 1258 3466 linea
1280 3415 1325 3466 P
1342 3433 1380 3483 p

177 3508 455 3570 utrumque
490 3501 671 3572 polum
713 3513 1024 3556 connectens
1060 3505 1174 3557 axis
1208 3506 1382 3556 mundi

176 3597 406 3642 vocatur.
692 3588 698 3598 ⁸

249 3679 507 3748 AEquator
531 3678 636 3732 sive
660 3682 1024 3749 oequinoctzalis
1048 3691 1125 3735 est
1149 3684 1372 3738 circulus
1393 3684 1612 3755 sphaerae
1631 3686 1848 3740 coelestis
1873 3689 2127 3747 maximus
2153 3690 2296 3758 cujus

178 3766 287 3834 poli
309 3765 469 3819 iidem
492 3775 613 3820 sunt
640 3786 757 3820 cum
773 3770 908 3839 polis
932 3771 1146 3835 mundi3
1171 3774 1492 3847 proindeque
1512 3777 1764 3846 sphaeram
1783 3778 2093 3831 mundanam
2117 3779 2295 3830 dividit
