2528 4172
0 238 24 335 Ξῖ
154 277 338 328 an
360 278 657 344 Tmzwms]
713 278 1114 331 PRINCIPIA
1155 280 1771 334 MATHEMATmA.
2221 288 2286 337 :37

151 431 309 472 untur
333 422 412 473 vel
440 431 692 493 augentur
716 422 771 472 in
796 421 1055 491 duplicata
1095 424 1324 474 ratione:
1365 425 1597 491 pondera
1623 421 1899 493 aequaliuni
1927 442 2207 493 corporum
2233 426 2287 477 in

155 512 345 574 Solem,
374 514 573 574 Jovem,
605 513 886 564 Saturnum
912 531 972 563 ac
1000 513 1221 564 Terram
1246 514 1299 563 in
1325 513 1576 564 distantiis
1609 521 1798 575 10000,
1823 519 1943 576 997,
1968 520 2087 576 791,
2107 525 2159 565 et
2184 521 2283 566 109

151 601 218 651 ab
245 620 423 652 eorum
450 600 652 662 centris,
694 609 848 669 atque
885 599 1003 651 ideo
1028 601 1082 650 in
1108 620 1292 667 eorum
1316 602 1703 669 superficiebus,
1746 601 1799 670 (¹)
1827 615 1979 654 erunt
2005 613 2063 653 ut
2093 610 2286 666 10000,

155 699 274 753 943,
306 698 423 752 529,
454 701 503 741 et
528 698 630 742 435
659 690 954 758 respective.

155 781 337 841 Lunae,
368 779 567 829 dicetur
592 779 646 828 in
672 779 1018 848 sequentibus.

1021 691 1230 752 Quanta
1250 693 1351 743 sint
1374 692 1610 760 pondera
1630 711 1908 761 corporum
1933 695 1987 744 in
2013 694 2289 762 superficie

228 871 388 920 Corol.
418 875 466 918 2.
507 867 790 919 Innotescit
815 868 968 919 etiam
995 869 1250 938 quantitas
1276 869 1505 920 materiae
1531 870 1585 920 in
1610 870 1830 938 planetis
1859 871 2090 941 singulis.
2150 872 2290 923 Nam

154 956 461 1025 quantitates
487 955 715 1006 materiae
740 955 794 1005 in
817 954 1038 1023 planetis
1066 966 1187 1007 sunt
1211 966 1268 1007 ut
1293 975 1474 1008 eorum
1493 957 1626 1008 vires
1651 957 1705 1007 in
1725 958 2010 1026 aequalibus
2032 958 2288 1012 distantiis

153 1045 219 1096 ab
244 1061 424 1095 eorum
450 1043 655 1105 centris,
684 1043 738 1094 id
763 1053 855 1106 est,
883 1043 938 1094 in
967 1043 1103 1118 Sole,
1133 1045 1280 1107 Jox‘re,
1312 1045 1537 1097 Saturno
1564 1064 1623 1096 ac
1651 1045 1817 1096 Terra
1845 1057 1964 1098 sunt
1988 1057 2045 1099 ut
2070 1056 2114 1111 l,
2145 1052 2286 1119 1-5457,

157 1138 299 1202 wlff,
329 1141 380 1182 et
402 1133 600 1201 walese
627 1132 922 1198 respective.
1004 1131 1059 1184 Si
1084 1131 1360 1199 parallaxis
1387 1132 1520 1184 Solis
1548 1143 1800 1184 statuatur
1826 1136 1991 1203 major
2014 1136 2095 1187 vel
2119 1137 2291 1188 minor

152 1222 308 1291 quam
338 1224 446 1272 10⁰.
478 1221 603 1282 30‘''‚
634 1219 696 1288 (k)
719 1220 929 1272 debebit
953 1220 1210 1290 quantitas
1236 1221 1465 1273 materiae
1491 1221 1545 1271 in
1567 1221 1732 1273 Terra
1761 1223 1939 1293 augeri
1964 1223 2045 1274 vel
2072 1223 2290 1277 diminui

154 1311 206 1361 in
231 1308 482 1378 triplicata
508 1309 722 1362 ratione.

153 1491 212 1537 lis,
241 1493 314 1530 hoc
332 1498 399 1539 est,
425 1495 537 1537 1928,
565 1491 616 1530 ad
643 1496 708 1539 21,
735 1492 814 1531 sive
830 1499 877 1532 ut
897 1497 1027 1532 10000
1045 1492 1095 1530 ad
1117 1496 1192 1532 109

153 1543 340 1593 proxime.

205 1613 237 1662 (¹
228 1610 255 1660 )
292 1613 314 1635 ³*
350 1611 484 1649 Erunt
518 1617 593 1655 ut,-

151 1663 186 1701 ei
214 1663 359 1713 analysi
385 1676 463 1713 qua
491 1664 707 1702 Newtonus
726 1678 819 1703 usus
838 1677 918 1703 esse
937 1664 1100 1711 videtur,
1128 1677 1186 1701 as

151 1718 313 1765 sumptis
331 1717 509 1754 omnibus
527 1724 572 1754 ut
590 1718 629 1753 in
650 1726 739 1756 nota
759 1723 822 1756 68.

207 1771 389 1820 Tangens
415 1769 527 1807 semi·
530 1769 704 1808 diametri
732 1770 947 1820 apparentis
968 1769 1066 1808 Solis
1084 1769 1187 1807 dica-

152 1831 215 1861 tur
232 1836 261 1869 s,
282 1822 390 1860 radio
412 1823 596 1860 existente
624 1828 658 1860 1.

205 1877 326 1914 Sinus
347 1875 584 1924 parallaxeos
606 1877 705 1914 Solis
732 1879 773 1930 (q
775 1891 836 1915 uae
856 1883 912 1915 est
929 1877 1041 1914 semi·
1044 1876 1188 1914 diame-

153 1938 210 1968 ter
227 1930 397 1978 primarii
419 1929 453 1966 P
472 1942 493 1966 e
516 1929 604 1966 Sole
624 1930 710 1979 visi)
732 1932 880 1968 dicatur
898 1943 935 1978 p.

206 1982 310 2020 Vera
328 1982 439 2019 semi·
445 1981 629 2020 diameter
648 1984 815 2031 primarii
836 1983 985 2021 dicatur
1003 1983 1040 2020 d.

208 2035 298 2072 Erit
322 2047 369 2072 ex
394 2033 532 2071 natura
555 2036 798 2084 parallaxeon
823 2049 849 2085 p
867 2037 915 2074 ad
939 2041 955 2073 1
979 2038 1078 2073 sicut
1096 2034 1123 2072 d
1141 2034 1191 2072 ad

157 2089 191 2126 P
214 2089 240 2126 S
266 2100 353 2139 quae
375 2087 572 2125 dicebatur
590 2102 623 2135 z,
652 2102 814 2140 quaeque
833 2089 920 2127 ideo
938 2088 1101 2127 dicenda
1120 2087 1191 2126 erit

642 1613 664 1635 ἢ*
699 1612 754 1651 Ut
784 1610 956 1649 insistere
985 1623 1194 1661 pergamus

164 2142 188 2179 d

159 2198 222 2256 ἶ.

210 2291 358 2332 Pariter
388 2292 487 2332 sicut
522 2296 539 2331 1
575 2293 626 2331 ad
655 2307 686 2342 s,
715 2294 895 2334 distantia
921 2309 941 2333 z
969 2295 1047 2333 sive
1078 2263 1105 2322 —d

1084 2343 1108 2377 P

154 2415 268 2458 serni-
252 2413 502 2451 -diametrum
514 2425 641 2451 veram
658 2413 756 2453 Solis
766 2427 853 2465 quae
872 2415 1016 2454 erit—
957 2394 975 2418 S
994 2382 1018 2418 d

211 2501 363 2537 Rursus
379 2497 583 2546 parallaxis
601 2500 722 2538 satelli
711 2500 773 2538 tis
793 2500 829 2538 L
848 2461 998 2539 dicatui:
1014 2514 1050 2551 q.

208 2553 273 2591 Ex
302 2550 441 2590 natura
464 2552 708 2643 parallaixeon
739 2554 810 2592 erit
837 2567 863 2605 q
888 2554 939 2592 ad
971 2559 987 2592 l
1016 2562 1062 2592 ut
1088 2554 1114 2592 d
1142 2553 1191 2592 ad

158 2640 193 2678 P
213 2639 260 2685 L,
282 2651 368 2689 quae
387 2637 475 2675 ideo
493 2637 564 2676 erit
578 2663 618 2671 --
658 2646 697 2677 et
720 2652 905 2677 numerus
929 2638 1187 2676 semi—diame-

1145 2298 1192 2334 ad

154 2732 301 2764 trorum
320 2724 489 2773 primarii
507 2726 541 2764 P
555 2725 596 2762 in
616 2737 660 2762 ea
678 2724 779 2763 linea
800 2725 834 2763 P
848 2724 883 2762 L
903 2731 1106 2763 contentus
1120 2723 1192 2762 erit

167 2784 237 2857 L,
263 2817 302 2848 et
328 2809 420 2848 cum
446 2811 601 2861 singula
618 2810 917 2848 semi-diameter
936 2823 956 2847 e
979 2809 1067 2848 Sole
1085 2822 1190 2859 spec-

172 2855 196 2892 q

156 2902 242 2940 tata,
263 2896 437 2934 videatur
454 2897 526 2934 sub
544 2895 690 2946 angulo
709 2897 821 2947 cujus
835 2895 940 2933 sinus
954 2904 1011 2935 est
1022 2910 1060 2945 p,
1076 2909 1190 2945 prop-

154 2959 213 2988 ter
237 2950 398 2987 istorum
426 2950 586 2987 sinuum
606 2949 843 2998 parvitatem,
863 2950 997 2999 anguli
1017 2957 1130 2987 erunt
1150 2958 1194 2987 ut

156 3002 273 3049 sinus,
308 3011 347 3041 et
378 3003 485 3041 sinus
521 3002 776 3052 elongationis
811 3002 1090 3040 heliocentricae
1125 3004 1193 3053 qui

156 3053 353 3094 dicebatur
375 3070 398 3095 e
424 3055 634 3094 continebit
660 3056 789 3093 sinum
814 3069 839 3105 p
868 3068 1031 3093 numero
1050 3056 1192 3094 vicium

157 3141 221 3190 qui
240 3142 315 3182 dici
334 3142 471 3192 poterit
492 3113 537 3170 -1-
568 3140 731 3193 ideoque
745 3141 817 3180 erit
831 3154 852 3179 e
870 3158 926 3178 =
963 3122 989 3157 p

955 3163 1017 3179 -0

214 3227 253 3265 Si
277 3235 411 3266 'autem
440 3228 611 3278 fingatur
633 3242 771 3278 corpus
798 3228 838 3265 in
871 3228 969 3266 Solis
996 3227 1195 3276 superficie

158 3281 336 3328 positum,
355 3280 459 3332 quod
478 3281 606 3332 itaque
624 3285 671 3321 ab
689 3283 772 3333 ejus
789 3289 922 3319 centro
940 3280 1054 3319 distet
1071 3294 1193 3330 quan-

159 3363 266 3401 titate
298 3367 434 3416 aequali
465 3367 548 3416 ejus
579 3381 678 3406 Vei'ae
707 3380 819 3406 semi·
822 3366 1006 3405 diametro
1039 3334 1108 3412 Ξὲἰ·,
1138 3379 1194 3404 VIS

163 3449 291 3486 Solis'
279 3462 320 3486 111
337 3450 379 3488 id
388 3463 538 3501 corpus,
551 3453 621 3491 erit
635 3453 685 3492 ad
699 3452 776 3489 vim
794 3452 880 3491 Pin
895 3464 1032 3501 corpus
1047 3414 1194 3501 aliquale

159 3501 209 3539 ad
241 3503 415 3540 eamdem
442 3505 660 3544 distantiam
687 3519 710 3543 a
736 3514 868 3543 centro
903 3506 987 3556 ejus
1021 3504 1194 3553 primarii

158 3587 273 3635 positi
301 3594 346 3625 ut
375 3592 392 3625 l
424 3590 473 3628 ad
490 3560 627 3661 α-ἰ--ξ3
648 3597 688 3638 χ
708 3565 765 3662 {te
798 3604 866 3642 per
897 3597 977 3629 not.
1013 3595 1076 3629 68.
1118 3588 1196 3626 sive

159 3705 429 3745 substitutione
461 3707 561 3747 sacta
573 3678 628 3790 Ξῖ,
647 3706 733 3746 loco
751 3721 772 3746 e
786 3711 817 3755 3,
844 3716 890 3746 ut
907 3679 960 3770 a}
978 3679 1032 3792 ΣΞ
1062 3714 1102 3755 ><
1125 3681 1191 3778 {3-

217 3792 292 3831 Sed
310 3793 392 3832 haec
411 3792 467 3831 vis
485 3792 655 3843 primarii
674 3793 715 3831 in
733 3793 773 3832 id
792 3806 942 3843 corpm,
963 3795 1035 3832 erit
1052 3793 1102 3831 ad
1121 3794 1197 3830 vim

1245 1492 1419 1543 ejusdem
1437 1492 1606 1542 corporis
1625 1493 1667 1530 in
1685 1491 1886 1541 superficie
1904 1492 2076 1541 primarii
2098 1494 2209 1542 positi
2230 1495 2289 1533 in-

1248 1546 1352 1584 verse
1381 1555 1426 1584 ut
1452 1546 1637 1596 quadrata
1663 1545 1942 1591 distantiarum,
1973 1545 2051 1583 sive
2077 1547 2226 1586 inverse
2247 1560 2290 1587 ut

1247 1600 1431 1650 quadrata
1450 1599 1725 1637 diametrorum
1745 1611 1922 1636 verarum
1941 1599 2039 1636 Solis
2053 1608 2090 1636 et
2104 1601 2287 1648 primarii,

1450 1666 1515 1755 pu
1498 1655 1516 1675 2
1530 1686 1614 1740 2ad
1638 1658 1800 1722 A—sicut
1819 1653 1869 1689 ³3
1885 1654 1939 1699 9³
1958 1660 2067 1756 ><-ῒ-Ξ
2084 1656 2196 1723 ada3
2212 1657 2288 1703 1³⁵2

1419 1720 1468 1754 s2
1625 1719 1649 1756 d
1666 1722 1684 1742 2
1819 1719 1842 1754 b
1854 1719 1870 1745 3
1886 1730 1911 1767 q
1922 1720 1938 1746 ³
2019 1722 2074 1757 θθ

1246 1811 1287 1853 ><
1306 1778 1360 1876 ἑὸ
1388 1816 1474 1854 quae
1502 1804 1692 1853 quantitas
1720 1802 1908 1851 exprimet
1935 1804 2012 1840 vim
2044 1803 2217 1853 primarii
2233 1805 2287 1843 ‘in

1243 1903 1382 1939 corpus
1400 1890 1442 1926 in
1461 1903 1530 1926 sua
1555 1888 1756 1938 superficie
1783 1889 1968 1936 positum,
1998 1889 2093 1927 dum
2113 1889 2170 1928 vis
2192 1889 2291 1928 Solis

1243 1943 1287 1980 in
1305 1956 1444 1991 corpus
1458 1944 1634 1992 aequale‘
1624 1956 1666 1980 m
1681 1955 1753 1980 sua
1772 1943 1971 1990 superficie
1986 1943 2102 1980 etiam
2121 1943 2290 1994 positum

1241 1699 1320 1724 Sive
1332 1693 1404 1723 ΕΓΗ.

1245 2029 1316 2066 erit
1339 2033 1381 2067 1:
1406 2041 1493 2078 quae
1512 2029 1704 2079 quantitas
1728 1997 1861 2099 ῖέρὸ
1842 1998 1890 2032 ⁵2
1915 2033 1955 2075 ><
1989 2004 2043 2100 Σ-Ξ,
2071 2036 2129 2067 est
2159 2042 2290 2080 aequa-

1260 2147 1269 2155 .
1447 2147 1456 2155 .
1518 2147 1527 2155 .
1574 2126 1598 2151 a
1616 2116 1632 2141 3
1652 2128 1676 2162 p
1696 2116 1713 2141 3
1806 2071 1861 2110 q
1845 2121 1862 2151 t
1880 2122 1896 2152 t

1242 2148 1289 2185 hs
1324 2153 1528 2197 quantitati
1572 2182 1598 2218 b
1617 2183 1633 2207 3
1654 2191 1679 2230 q
1698 2183 1714 2207 3
1755 2153 1795 2193 ><
1851 2171 1902 2220 ῃ
1966 2151 2071 2200 (quae
2118 2149 2199 2186 vim
2246 2149 2289 2187 in

2212 2236 2273 2283 p²

1247 2265 1456 2316 aequalibus
1488 2264 1678 2303 distantiis
1714 2265 1911 2315 exprimit)
1945 2265 2077 2303 divisae
2109 2279 2178 2315 per
2222 2294 2286 2336 82.

1252 2351 1324 2388 Sed
1353 2353 1401 2388 ob
1430 2351 1687 2400 aequalitatem
1715 2363 1918 2399 corporum
1944 2352 2040 2389 vires
2065 2352 2104 2388 in
2131 2365 2291 2401 corpora

1247 2412 1338 2440 sunt
1364 2411 1409 2441 ut
1435 2404 1606 2452 pondera
1633 2417 1861 2452 corporum;
1891 2405 1982 2442 hinc
2009 2418 2101 2456 ergo
2128 2407 2290 2443 habetur

1246 2456 1342 2493 ratio
1360 2456 1539 2504 ponderis
1558 2470 1762 2505 corporum
1783 2458 1990 2508 oequalium
2009 2458 2051 2494 in
2070 2458 2290 2508 superficie-

1246 2511 1318 2548 bus
1340 2510 1448 2555 Solis,
1470 2510 1590 2556 Jovis,
1616 2511 1769 2549 Saturni
1788 2524 1833 2548 ac
1853 2512 1995 2549 Terrae.

1303 2563 1436 2607 Quare
1464 2564 1494 2601 si
1521 2564 1761 2613 logarithmis
1780 2572 1960 2612 utamur;
1990 2577 2035 2601 ex
2055 2564 2288 2615 logarithmo

1245 2629 1270 2665 p
1290 2616 1453 2657 tollatur,
1467 2617 1719 2667 logarithmus
1733 2630 1763 2663 s,
1780 2625 1817 2655 et
1830 2618 1972 2655 residui
1991 2617 2157 2666 duplum
2177 2618 2287 2656 tolla-

1245 2677 1310 2707 tur
1337 2682 1385 2707 ex
1411 2670 1642 2719 logarithmo
1669 2672 1822 2708 numeri
1853 2671 1921 2721 qui
1947 2672 2182 2721 exprimebat
2208 2671 2285 2709 vim

1244 2722 1415 2772 primarii
1443 2723 1484 2760 in
1516 2723 1727 2773 aequalibus
1755 2723 1955 2770 distantiis,
1988 2724 2187 2762 residuum
2215 2725 2288 2762 erit

1245 2776 1498 2827 logarithmus
1511 2776 1567 2814 vis
1585 2776 1756 2825 primarii
1770 2778 1811 2814 in
1825 2789 1984 2826 corpora
2002 2778 2044 2814 in
2058 2777 2285 2828 ejussuper-

1244 2828 1329 2867 ficie
1348 2830 1480 2877 posita.

1301 2882 1486 2920 Calculus
1511 2883 1582 2920 iste
1608 2889 1783 2931 respectu
1813 2882 1943 2921 Terrae
1973 2882 2176 2921 commode
2203 2883 2286 2920 fieri

1246 2942 1381 2984 potest,
1423 2936 1515 2986 quia
1550 2935 1664 2973 datur
1700 2949 1747 2973 ex
1784 2936 2047 2973 observatione
2083 2935 2287 2984 parallaxis

1251 2988 1349 3026 Solis
1377 3002 1415 3037 p,
1449 2997 1488 3025 et
1519 3002 1706 3038 apparens
1739 2989 1838 3026 Solis
1867 2990 1976 3026 semi-
1982 2989 2186 3026 diameter:
2244 2988 2284 3025 in

1246 3041 1345 3080 Jove
1370 3050 1409 3078 et
1437 3042 1604 3079 Saturno
1629 3042 1831 3090 parallaxis
1858 3042 2028 3091 ipsorum
2054 3050 2111 3079 est
2128 3041 2287 3091 aequalis

1247 3107 1381 3132 eorum
1396 3095 1507 3132 semi·
1510 3095 1697 3133 diametro
1711 3094 1908 3143 apparenti
1926 3095 1965 3131 in
1982 3094 2195 3131 mediocri
2183 3106 2287 3144 ipso-

1246 3160 1336 3185 rum
1354 3146 1546 3193 distantia,
1568 3155 1605 3185 et
1623 3147 1736 3185 semi-
1739 3147 1923 3185 diameter
1935 3160 2121 3195 apparens
2135 3147 2287 3185 Solisin

1247 3200 1338 3248 ipsis
1357 3209 1414 3238 est
1431 3200 1479 3237 ad
1499 3200 1844 3238 semi-diametrum
1863 3200 1962 3237 Solis
1980 3209 2225 3248 apparentem
2245 3200 2287 3237 in

1251 3253 1403 3299 Terra,
1393 3252 1540 3291 inverse
1553 3260 1597 3291 ut
1607 3253 1797 3290 distantiae
1809 3265 1943 3289 eorum
1958 3260 1996 3290 et
2010 3253 2139 3290 Terrae
2154 3267 2176 3291 a
2187 3253 2286 3292 Sole.

1302 3306 1360 3359 (¹²)
1381 3309 1535 3345 Debebit
1556 3308 1747 3357 quantitas
1765 3308 1932 3344 materiae
1950 3308 1991 3344 in
2019 3305 2136 3345 Terra
2155 3309 2288 3357 augeri

1247 3361 1304 3398 vel
1340 3362 1504 3398 diminui
1539 3362 1581 3398 in
1618 3356 1806 3407 triplicat&
1841 3358 2085 3407 parallaxeon
2127 3362 2281 3398 ratione.

1248 3415 1269 3437 ³*
1295 3413 1399 3450 Nam
1418 3411 1509 3450 cum
1528 3411 1758 3462 quantitates
1775 3411 1944 3448 materiae
1962 3411 2003 3448 in
2023 3411 2185 3460 planctis
2210 3413 2287 3449 sin-

1247 3465 1362 3515 gulis,
1384 3465 1461 3503 sint
1474 3473 1519 3502 ut
1533 3476 1668 3502 eorum
1681 3463 1779 3501 vires
1792 3463 1833 3500 in
1848 3465 2060 3515 aequalibus
2073 3465 2261 3504 distantiis
2273 3480 2286 3513 ;

1247 3518 1439 3569 quantitas
1469 3516 1638 3556 materiae
1666 3518 1710 3554 in
1749 3516 1837 3555 Sole
1866 3525 1923 3556 est
1954 3518 2004 3556 ad
2034 3518 2287 3569 quantitatem

1249 3603 1418 3641 materiae
1437 3604 1476 3641 in
1499 3601 1619 3641 Terra
1637 3609 1683 3641 ut
1701 3606 1719 3641 l
1739 3602 1788 3640 ad
1802 3571 1947 3687 ἓξὲξ
1958 3609 1999 3651 ><
2019 3579 2090 3675 g,
2107 3611 2289 3642 manente

1250 3701 1342 3738 ergo
1359 3688 1506 3725 ratione
1533 3700 1556 3724 a
1583 3687 1632 3725 ad
1659 3689 1684 3725 b
1711 3688 1978 3727 distantiarum
1997 3702 2137 3739 nempe
2157 3689 2288 3727 Terrae

1251 3749 1289 3777 et
1312 3740 1473 3778 Veneris
1491 3754 1514 3778 a
1537 3740 1634 3785 Sole,
1651 3743 1898 3780 manentibus
1911 3742 2147 3791 temporibus
2164 3740 2288 3790 perio-

1252 3794 1346 3831 dicis
1363 3793 1525 3831 Veneris
1543 3800 1581 3831 et
1601 3794 1728 3832 Lunae
1749 3804 1764 3833 t
1783 3804 1820 3834 et
1838 3799 1867 3841 θ,
1889 3803 1927 3833 et
1944 3794 2032 3832 sinu
2054 3794 2288 3844 parallaxeos
