<?xml version="1.0" encoding="UTF-8"?>
<!DOCTYPE html PUBLIC "-//W3C//DTD XHTML 1.0 Transitional//EN"
    "http://www.w3.org/TR/xhtml1/DTD/xhtml1-transitional.dtd">
<html xmlns="http://www.w3.org/1999/xhtml" xml:lang="en" lang="en">
 <head>
  <title>
</title>
<meta http-equiv="Content-Type" content="text/html;charset=utf-8" />
  <meta name='ocr-system' content='tesseract 3.04.00' />
  <meta name='ocr-capabilities' content='ocr_page ocr_carea ocr_par ocr_line ocrx_word'/>
</head>
<body>
  <div class='ocr_page' id='page_1' title='image "./philonatrualprin03newtrich_0367.png"; bbox 0 0 2528 4172; ppageno 0'>
   <div class='ocr_carea' id='block_1_1' title="bbox 545 236 2222 301">
    <p class='ocr_par' dir='ltr' id='par_1_1' title="bbox 545 236 2222 301">
     <span class='ocr_line' id='line_1_1' title="bbox 545 236 2222 301; baseline -0.007 0"><span class='ocrx_word' id='word_1_1' title='bbox 545 245 860 301; x_wconf 86' lang='lat' dir='ltr'>FLUXUS</span> <span class='ocrx_word' id='word_1_2' title='bbox 898 244 999 296; x_wconf 91' lang='lat' dir='ltr'>AC</span> <span class='ocrx_word' id='word_1_3' title='bbox 1040 240 1463 295; x_wconf 83' lang='lat' dir='ltr'><strong>REFLUXUS</strong></span> <span class='ocrx_word' id='word_1_4' title='bbox 1504 236 1766 292; x_wconf 82' lang='lat' dir='ltr'><strong>MARIS.</strong></span> <span class='ocrx_word' id='word_1_5' title='bbox 2121 245 2222 290; x_wconf 79' lang='lat'>319</span> 
     </span>
    </p>
   </div>
   <div class='ocr_carea' id='block_1_2' title="bbox 85 371 2256 3801">
    <p class='ocr_par' dir='ltr' id='par_1_2' title="bbox 85 371 2232 804">
     <span class='ocr_line' id='line_1_2' title="bbox 86 371 2223 449; baseline -0.006 -6"><span class='ocrx_word' id='word_1_6' title='bbox 86 401 166 444; x_wconf 88' lang='lat' dir='ltr'>ter</span> <span class='ocrx_word' id='word_1_7' title='bbox 203 408 438 442; x_wconf 85' lang='lat' dir='ltr'>enormes</span> <span class='ocrx_word' id='word_1_8' title='bbox 476 389 558 441; x_wconf 87' lang='lat' dir='ltr'>vel</span> <span class='ocrx_word' id='word_1_9' title='bbox 593 388 681 440; x_wconf 86' lang='lat' dir='ltr'>vix</span> <span class='ocrx_word' id='word_1_10' title='bbox 718 372 999 448; x_wconf 67' lang='lat' dir='ltr'>sensibiles,</span> <span class='ocrx_word' id='word_1_11' title='bbox 1039 385 1115 436; x_wconf 90' lang='lat' dir='ltr'>uti</span> <span class='ocrx_word' id='word_1_12' title='bbox 1152 384 1206 435; x_wconf 91' lang='lat' dir='ltr'>in</span> <span class='ocrx_word' id='word_1_13' title='bbox 1246 383 1388 436; x_wconf 89' lang='lat' dir='ltr'>Mari</span> <span class='ocrx_word' id='word_1_14' title='bbox 1427 381 1834 443; x_wconf 87' lang='lat' dir='ltr'>Mediterraneo,</span> <span class='ocrx_word' id='word_1_15' title='bbox 1876 378 1952 430; x_wconf 91' lang='lat' dir='ltr'>vel</span> <span class='ocrx_word' id='word_1_16' title='bbox 1992 371 2223 449; x_wconf 76' lang='lat' dir='ltr'>insignes</span> 
     </span>
     <span class='ocr_line' id='line_1_3' title="bbox 85 461 2230 546; baseline -0.007 -14"><span class='ocrx_word' id='word_1_17' title='bbox 85 480 457 532; x_wconf 82' lang='lat' dir='ltr'>retardationes</span> <span class='ocrx_word' id='word_1_18' title='bbox 497 495 692 540; x_wconf 92' lang='lat' dir='ltr'>eorum,</span> <span class='ocrx_word' id='word_1_19' title='bbox 738 476 923 546; x_wconf 89' lang='lat' dir='ltr'>quibus</span> <span class='ocrx_word' id='word_1_20' title='bbox 966 461 1124 525; x_wconf 68' lang='lat' dir='ltr'>rebus</span> <span class='ocrx_word' id='word_1_21' title='bbox 1165 472 1485 541; x_wconf 80' lang='lat' dir='ltr'>explicandis</span> <span class='ocrx_word' id='word_1_22' title='bbox 1525 490 1743 542; x_wconf 90' lang='lat' dir='ltr'>sequens</span> <span class='ocrx_word' id='word_1_23' title='bbox 1785 470 1958 539; x_wconf 87' lang='lat' dir='ltr'>Caput</span> <span class='ocrx_word' id='word_1_24' title='bbox 1990 467 2230 519; x_wconf 84' lang='lat' dir='ltr'>ultimum</span> 
     </span>
     <span class='ocr_line' id='line_1_4' title="bbox 89 561 2231 636; baseline -0.007 -11"><span class='ocrx_word' id='word_1_25' title='bbox 89 573 485 624; x_wconf 83' lang='lat' dir='ltr'>destinavimus:</span> <span class='ocrx_word' id='word_1_26' title='bbox 525 572 596 623; x_wconf 90' lang='lat' dir='ltr'>ita</span> <span class='ocrx_word' id='word_1_27' title='bbox 631 571 687 621; x_wconf 93' lang='lat' dir='ltr'>in</span> <span class='ocrx_word' id='word_1_28' title='bbox 719 569 822 620; x_wconf 92' lang='lat' dir='ltr'>hoc</span> <span class='ocrx_word' id='word_1_29' title='bbox 862 568 1046 636; x_wconf 81' lang='lat' dir='ltr'>Capite</span> <span class='ocrx_word' id='word_1_30' title='bbox 1084 576 1284 618; x_wconf 88' lang='lat' dir='ltr'>tantum</span> <span class='ocrx_word' id='word_1_31' title='bbox 1308 584 1368 617; x_wconf 89' lang='lat' dir='ltr'>ea</span> <span class='ocrx_word' id='word_1_32' title='bbox 1392 563 1549 617; x_wconf 70' lang='lat' dir='ltr'>aestus</span> <span class='ocrx_word' id='word_1_33' title='bbox 1574 564 1731 615; x_wconf 90' lang='lat' dir='ltr'>maris</span> <span class='ocrx_word' id='word_1_34' title='bbox 1767 561 2114 631; x_wconf 80' lang='lat' dir='ltr'>phaenomena</span> <span class='ocrx_word' id='word_1_35' title='bbox 2139 579 2231 611; x_wconf 87' lang='lat' dir='ltr'>ex-</span> 
     </span>
     <span class='ocr_line' id='line_1_5' title="bbox 88 653 2232 732; baseline -0.005 -18"><span class='ocrx_word' id='word_1_36' title='bbox 88 662 331 732; x_wconf 88' lang='lat' dir='ltr'>plicanda</span> <span class='ocrx_word' id='word_1_37' title='bbox 356 661 678 731; x_wconf 86' lang='lat' dir='ltr'>suscipimus,</span> <span class='ocrx_word' id='word_1_38' title='bbox 718 678 833 730; x_wconf 89' lang='lat' dir='ltr'>quae</span> <span class='ocrx_word' id='word_1_39' title='bbox 866 660 921 710; x_wconf 92' lang='lat' dir='ltr'>in</span> <span class='ocrx_word' id='word_1_40' title='bbox 954 658 1209 727; x_wconf 91' lang='lat' dir='ltr'>portubus</span> <span class='ocrx_word' id='word_1_41' title='bbox 1235 657 1609 726; x_wconf 80' lang='lat' dir='ltr'>amplissimum</span> <span class='ocrx_word' id='word_1_42' title='bbox 1636 673 1889 707; x_wconf 88' lang='lat' dir='ltr'>oceanum</span> <span class='ocrx_word' id='word_1_43' title='bbox 1914 653 2232 723; x_wconf 90' lang='lat' dir='ltr'>respicienti-</span> 
     </span>
     <span class='ocr_line' id='line_1_6' title="bbox 88 746 1442 804; baseline -0.004 0"><span class='ocrx_word' id='word_1_44' title='bbox 88 753 187 804; x_wconf 90' lang='lat' dir='ltr'>bus</span> <span class='ocrx_word' id='word_1_45' title='bbox 213 752 294 803; x_wconf 90' lang='lat' dir='ltr'>vel</span> <span class='ocrx_word' id='word_1_46' title='bbox 319 751 499 803; x_wconf 91' lang='lat' dir='ltr'>insulis</span> <span class='ocrx_word' id='word_1_47' title='bbox 526 750 789 803; x_wconf 87' lang='lat' dir='ltr'>observari</span> <span class='ocrx_word' id='word_1_48' title='bbox 814 749 983 801; x_wconf 87' lang='lat' dir='ltr'>solent</span> <span class='ocrx_word' id='word_1_49' title='bbox 1015 750 1069 799; x_wconf 91' lang='lat' dir='ltr'>in</span> <span class='ocrx_word' id='word_1_50' title='bbox 1095 766 1290 799; x_wconf 89' lang='lat' dir='ltr'>oceano</span> <span class='ocrx_word' id='word_1_51' title='bbox 1316 746 1442 799; x_wconf 88' lang='lat' dir='ltr'>sitis.</span> 
     </span>
    </p>

    <p class='ocr_par' dir='ltr' id='par_1_3' title="bbox 90 834 2253 2788">
     <span class='ocr_line' id='line_1_7' title="bbox 160 834 2232 911; baseline -0.006 -15"><span class='ocrx_word' id='word_1_52' title='bbox 160 849 198 911; x_wconf 58' lang='grc' dir='ltr'>ᾗ.</span> <span class='ocrx_word' id='word_1_53' title='bbox 226 852 311 896; x_wconf 89' lang='grc'>99.</span> <span class='ocrx_word' id='word_1_54' title='bbox 356 843 411 895; x_wconf 89' lang='lat' dir='ltr'>Si</span> <span class='ocrx_word' id='word_1_55' title='bbox 436 861 613 894; x_wconf 87' lang='lat' dir='ltr'>omnes</span> <span class='ocrx_word' id='word_1_56' title='bbox 639 841 996 910; x_wconf 83' lang='lat' dir='ltr'>proprietates,</span> <span class='ocrx_word' id='word_1_57' title='bbox 1038 840 1223 909; x_wconf 90' lang='lat' dir='ltr'>quibus</span> <span class='ocrx_word' id='word_1_58' title='bbox 1247 840 1420 890; x_wconf 89' lang='lat' dir='ltr'>fluxus</span> <span class='ocrx_word' id='word_1_59' title='bbox 1447 857 1507 890; x_wconf 89' lang='lat' dir='ltr'>ac</span> <span class='ocrx_word' id='word_1_60' title='bbox 1531 837 1762 889; x_wconf 91' lang='lat' dir='ltr'>refluxus</span> <span class='ocrx_word' id='word_1_61' title='bbox 1787 836 1944 888; x_wconf 87' lang='lat' dir='ltr'>maris</span> <span class='ocrx_word' id='word_1_62' title='bbox 1981 834 2232 904; x_wconf 82' lang='lat' dir='ltr'>praeditus</span> 
     </span>
     <span class='ocr_line' id='line_1_8' title="bbox 93 923 2237 997; baseline -0.004 -14"><span class='ocrx_word' id='word_1_63' title='bbox 93 951 205 984; x_wconf 90' lang='lat' dir='ltr'>esse</span> <span class='ocrx_word' id='word_1_64' title='bbox 230 932 548 994; x_wconf 88' lang='lat' dir='ltr'>observatur,</span> <span class='ocrx_word' id='word_1_65' title='bbox 576 929 828 981; x_wconf 83' lang='lat' dir='ltr'>distincte</span> <span class='ocrx_word' id='word_1_66' title='bbox 867 947 1169 981; x_wconf 89' lang='lat' dir='ltr'>enumerare</span> <span class='ocrx_word' id='word_1_67' title='bbox 1203 938 1356 997; x_wconf 87' lang='lat' dir='ltr'>atque</span> <span class='ocrx_word' id='word_1_68' title='bbox 1383 946 1645 996; x_wconf 83' lang='lat' dir='ltr'>exponere</span> <span class='ocrx_word' id='word_1_69' title='bbox 1668 926 1904 988; x_wconf 91' lang='lat' dir='ltr'>velimus,</span> <span class='ocrx_word' id='word_1_70' title='bbox 1946 923 2237 993; x_wconf 90' lang='lat' dir='ltr'>deprehen-</span> 
     </span>
     <span class='ocr_line' id='line_1_9' title="bbox 91 1014 2238 1084; baseline -0.004 -11"><span class='ocrx_word' id='word_1_71' title='bbox 91 1022 272 1073; x_wconf 88' lang='lat' dir='ltr'>demus</span> <span class='ocrx_word' id='word_1_72' title='bbox 311 1040 396 1072; x_wconf 87' lang='lat' dir='ltr'>eas</span> <span class='ocrx_word' id='word_1_73' title='bbox 435 1020 502 1072; x_wconf 90' lang='lat' dir='ltr'>ad</span> <span class='ocrx_word' id='word_1_74' title='bbox 538 1030 641 1072; x_wconf 92' lang='lat' dir='ltr'>tres</span> <span class='ocrx_word' id='word_1_75' title='bbox 681 1020 868 1071; x_wconf 79' lang='lat' dir='ltr'>classes</span> <span class='ocrx_word' id='word_1_76' title='bbox 894 1018 1124 1070; x_wconf 89' lang='lat' dir='ltr'>revocari</span> <span class='ocrx_word' id='word_1_77' title='bbox 1158 1017 1363 1068; x_wconf 91' lang='lat' dir='ltr'>debere.</span> <span class='ocrx_word' id='word_1_78' title='bbox 1440 1016 1530 1068; x_wconf 87' lang='lat' dir='ltr'>Ad</span> <span class='ocrx_word' id='word_1_79' title='bbox 1553 1016 1775 1084; x_wconf 84' lang='lat' dir='ltr'>primam</span> <span class='ocrx_word' id='word_1_80' title='bbox 1801 1015 1994 1066; x_wconf 88' lang='lat' dir='ltr'>scilicet</span> <span class='ocrx_word' id='word_1_81' title='bbox 2021 1014 2238 1065; x_wconf 83' lang='lat' dir='ltr'>classem</span> 
     </span>
     <span class='ocr_line' id='line_1_10' title="bbox 90 1107 2236 1181; baseline -0.004 -17"><span class='ocrx_word' id='word_1_82' title='bbox 90 1112 359 1164; x_wconf 91' lang='lat' dir='ltr'>referenda</span> <span class='ocrx_word' id='word_1_83' title='bbox 384 1121 504 1163; x_wconf 92' lang='lat' dir='ltr'>sunt</span> <span class='ocrx_word' id='word_1_84' title='bbox 525 1111 886 1180; x_wconf 80' lang='lat' dir='ltr'>phaenomena,</span> <span class='ocrx_word' id='word_1_85' title='bbox 911 1129 1026 1181; x_wconf 85' lang='lat' dir='ltr'>quae</span> <span class='ocrx_word' id='word_1_86' title='bbox 1052 1110 1107 1161; x_wconf 95' lang='lat' dir='ltr'>in</span> <span class='ocrx_word' id='word_1_87' title='bbox 1132 1128 1237 1160; x_wconf 91' lang='lat' dir='ltr'>uno</span> <span class='ocrx_word' id='word_1_88' title='bbox 1263 1118 1392 1160; x_wconf 88' lang='lat' dir='ltr'>aestu</span> <span class='ocrx_word' id='word_1_89' title='bbox 1417 1109 1472 1160; x_wconf 91' lang='lat' dir='ltr'>in</span> <span class='ocrx_word' id='word_1_90' title='bbox 1499 1127 1552 1160; x_wconf 92' lang='lat' dir='ltr'>se</span> <span class='ocrx_word' id='word_1_91' title='bbox 1579 1117 1809 1177; x_wconf 92' lang='lat' dir='ltr'>spectato</span> <span class='ocrx_word' id='word_1_92' title='bbox 1829 1107 2236 1175; x_wconf 85' lang='lat' dir='ltr'>conspiciuntur,</span> 
     </span>
     <span class='ocr_line' id='line_1_11' title="bbox 93 1199 2239 1274; baseline -0.004 -17"><span class='ocrx_word' id='word_1_93' title='bbox 93 1204 213 1258; x_wconf 77' lang='lat' dir='ltr'>cum</span> <span class='ocrx_word' id='word_1_94' title='bbox 239 1205 437 1257; x_wconf 89' lang='lat' dir='ltr'>ratione</span> <span class='ocrx_word' id='word_1_95' title='bbox 464 1205 710 1274; x_wconf 89' lang='lat' dir='ltr'>temporis</span> <span class='ocrx_word' id='word_1_96' title='bbox 736 1202 848 1255; x_wconf 78' lang='lat' dir='ltr'>turn</span> <span class='ocrx_word' id='word_1_97' title='bbox 874 1204 1028 1255; x_wconf 89' lang='lat' dir='ltr'>etiam</span> <span class='ocrx_word' id='word_1_98' title='bbox 1053 1202 1253 1254; x_wconf 85' lang='lat' dir='ltr'>ratione</span> <span class='ocrx_word' id='word_1_99' title='bbox 1280 1201 1576 1270; x_wconf 82' lang='lat' dir='ltr'>quantitatis</span> <span class='ocrx_word' id='word_1_100' title='bbox 1591 1220 1605 1263; x_wconf 86' lang='lat'><em>3</em></span> <span class='ocrx_word' id='word_1_101' title='bbox 1644 1200 1860 1270; x_wconf 82' lang='lat' dir='ltr'>haecque</span> <span class='ocrx_word' id='word_1_102' title='bbox 1892 1199 2239 1268; x_wconf 71' lang='lat' dir='ltr'>phaenomena</span> 
     </span>
     <span class='ocr_line' id='line_1_12' title="bbox 95 1290 2243 1361; baseline -0.003 -13"><span class='ocrx_word' id='word_1_103' title='bbox 95 1293 512 1348; x_wconf 73' lang='lat' dir='ltr'>commodissime</span> <span class='ocrx_word' id='word_1_104' title='bbox 538 1295 634 1346; x_wconf 92' lang='lat' dir='ltr'>sub</span> <span class='ocrx_word' id='word_1_105' title='bbox 660 1294 992 1346; x_wconf 89' lang='lat' dir='ltr'>varietatibus</span> <span class='ocrx_word' id='word_1_106' title='bbox 1018 1293 1216 1344; x_wconf 91' lang='lat' dir='ltr'>diurnis</span> <span class='ocrx_word' id='word_1_107' title='bbox 1242 1292 1616 1361; x_wconf 89' lang='lat' dir='ltr'>comprehendi</span> <span class='ocrx_word' id='word_1_108' title='bbox 1640 1302 1872 1361; x_wconf 82' lang='lat' dir='ltr'>possunt,</span> <span class='ocrx_word' id='word_1_109' title='bbox 1902 1290 2154 1361; x_wconf 69' lang='lat' dir='ltr'>quatenus</span> <span class='ocrx_word' id='word_1_110' title='bbox 2181 1309 2243 1341; x_wconf 88' lang='lat' dir='ltr'>ea</span> 
     </span>
     <span class='ocr_line' id='line_1_13' title="bbox 92 1381 2241 1453; baseline -0.003 -17"><span class='ocrx_word' id='word_1_111' title='bbox 92 1404 146 1436; x_wconf 91' lang='lat' dir='ltr'>se</span> <span class='ocrx_word' id='word_1_112' title='bbox 172 1384 395 1436; x_wconf 88' lang='lat' dir='ltr'>offerunt</span> <span class='ocrx_word' id='word_1_113' title='bbox 420 1383 752 1446; x_wconf 87' lang='lat' dir='ltr'>observatori,</span> <span class='ocrx_word' id='word_1_114' title='bbox 795 1383 884 1453; x_wconf 90' lang='lat' dir='ltr'>qui</span> <span class='ocrx_word' id='word_1_115' title='bbox 918 1401 1014 1451; x_wconf 91' lang='lat' dir='ltr'>per</span> <span class='ocrx_word' id='word_1_116' title='bbox 1051 1383 1310 1453; x_wconf 83' lang='lat' dir='ltr'>integrum</span> <span class='ocrx_word' id='word_1_117' title='bbox 1348 1391 1549 1433; x_wconf 91' lang='lat' dir='ltr'>tantum</span> <span class='ocrx_word' id='word_1_118' title='bbox 1573 1381 1713 1432; x_wconf 88' lang='lat' dir='ltr'>diem</span> <span class='ocrx_word' id='word_1_119' title='bbox 1739 1381 2124 1432; x_wconf 88' lang='lat' dir='ltr'>observationes</span> <span class='ocrx_word' id='word_1_120' title='bbox 2162 1381 2241 1430; x_wconf 90' lang='lat' dir='ltr'>in-</span> 
     </span>
     <span class='ocr_line' id='line_1_14' title="bbox 93 1458 2245 1543; baseline -0.002 -18"><span class='ocrx_word' id='word_1_121' title='bbox 93 1473 274 1537; x_wconf 87' lang='lat' dir='ltr'>stituit,</span> <span class='ocrx_word' id='word_1_122' title='bbox 295 1492 463 1543; x_wconf 92' lang='lat' dir='ltr'>neque</span> <span class='ocrx_word' id='word_1_123' title='bbox 483 1492 542 1525; x_wconf 88' lang='lat' dir='ltr'>ea</span> <span class='ocrx_word' id='word_1_124' title='bbox 563 1491 682 1524; x_wconf 93' lang='lat' dir='ltr'>cum</span> <span class='ocrx_word' id='word_1_125' title='bbox 702 1472 812 1524; x_wconf 88' lang='lat' dir='ltr'>aliis</span> <span class='ocrx_word' id='word_1_126' title='bbox 839 1472 1197 1541; x_wconf 87' lang='lat' dir='ltr'>phaenomenis</span> <span class='ocrx_word' id='word_1_127' title='bbox 1218 1471 1329 1523; x_wconf 90' lang='lat' dir='ltr'>aliis</span> <span class='ocrx_word' id='word_1_128' title='bbox 1349 1471 1669 1540; x_wconf 89' lang='lat' dir='ltr'>temporibus</span> <span class='ocrx_word' id='word_1_129' title='bbox 1693 1458 2082 1522; x_wconf 59' lang='lat' dir='ltr'>occurrent-&#39;ibus</span> <span class='ocrx_word' id='word_1_130' title='bbox 2103 1488 2245 1521; x_wconf 91' lang='lat' dir='ltr'>com-</span> 
     </span>
     <span class='ocr_line' id='line_1_15' title="bbox 92 1560 2244 1631; baseline -0.001 -18"><span class='ocrx_word' id='word_1_131' title='bbox 92 1570 256 1631; x_wconf 88' lang='lat' dir='ltr'>parat.</span> <span class='ocrx_word' id='word_1_132' title='bbox 359 1561 598 1614; x_wconf 89' lang='lat' dir='ltr'>Secunda</span> <span class='ocrx_word' id='word_1_133' title='bbox 647 1560 820 1613; x_wconf 87' lang='lat' dir='ltr'>classis</span> <span class='ocrx_word' id='word_1_134' title='bbox 872 1560 1233 1629; x_wconf 87' lang='lat' dir='ltr'>complectitur</span> <span class='ocrx_word' id='word_1_135' title='bbox 1280 1561 1551 1612; x_wconf 88' lang='lat' dir='ltr'>varietates</span> <span class='ocrx_word' id='word_1_136' title='bbox 1600 1569 1907 1623; x_wconf 89' lang='lat' dir='ltr'>menstruas,</span> <span class='ocrx_word' id='word_1_137' title='bbox 1963 1578 2081 1629; x_wconf 86' lang='lat' dir='ltr'>quae</span> <span class='ocrx_word' id='word_1_138' title='bbox 2132 1577 2244 1610; x_wconf 88' lang='lat' dir='ltr'>sese</span> 
     </span>
     <span class='ocr_line' id='line_1_16' title="bbox 93 1647 2240 1721; baseline -0.002 -19"><span class='ocrx_word' id='word_1_139' title='bbox 93 1650 411 1703; x_wconf 88' lang='lat' dir='ltr'>observatori</span> <span class='ocrx_word' id='word_1_140' title='bbox 449 1668 543 1718; x_wconf 88' lang='lat' dir='ltr'>per</span> <span class='ocrx_word' id='word_1_141' title='bbox 582 1650 844 1721; x_wconf 86' lang='lat' dir='ltr'>integrum</span> <span class='ocrx_word' id='word_1_142' title='bbox 880 1668 1112 1701; x_wconf 91' lang='lat' dir='ltr'>mensem</span> <span class='ocrx_word' id='word_1_143' title='bbox 1151 1658 1336 1700; x_wconf 88' lang='lat' dir='ltr'>aestum</span> <span class='ocrx_word' id='word_1_144' title='bbox 1378 1649 1535 1700; x_wconf 87' lang='lat' dir='ltr'>maris</span> <span class='ocrx_word' id='word_1_145' title='bbox 1582 1649 1954 1717; x_wconf 87' lang='lat' dir='ltr'>contemplanti</span> <span class='ocrx_word' id='word_1_146' title='bbox 1997 1647 2240 1709; x_wconf 84' lang='lat' dir='ltr'>offerunt,</span> 
     </span>
     <span class='ocr_line' id='line_1_17' title="bbox 99 1736 2245 1810; baseline -0.002 -19"><span class='ocrx_word' id='word_1_147' title='bbox 99 1758 346 1810; x_wconf 91' lang='lat' dir='ltr'>quorsum</span> <span class='ocrx_word' id='word_1_148' title='bbox 380 1738 642 1808; x_wconf 76' lang='lat' dir='ltr'>pertinent</span> <span class='ocrx_word' id='word_1_149' title='bbox 683 1748 838 1790; x_wconf 85' lang='lat' dir='ltr'>aestus</span> <span class='ocrx_word' id='word_1_150' title='bbox 881 1738 1097 1790; x_wconf 89' lang='lat' dir='ltr'>maximi</span> <span class='ocrx_word' id='word_1_151' title='bbox 1137 1738 1455 1808; x_wconf 90' lang='lat' dir='ltr'>minimique,</span> <span class='ocrx_word' id='word_1_152' title='bbox 1499 1738 1624 1791; x_wconf 89' lang='lat' dir='ltr'>item</span> <span class='ocrx_word' id='word_1_153' title='bbox 1667 1737 2043 1789; x_wconf 86' lang='lat' dir='ltr'>retardationes</span> <span class='ocrx_word' id='word_1_154' title='bbox 2085 1736 2245 1788; x_wconf 77' lang='lat' dir='ltr'>mode</span> 
     </span>
     <span class='ocr_line' id='line_1_18' title="bbox 93 1827 2245 1901; baseline -0.001 -20"><span class='ocrx_word' id='word_1_155' title='bbox 93 1832 314 1900; x_wconf 89' lang='lat' dir='ltr'>majores</span> <span class='ocrx_word' id='word_1_156' title='bbox 359 1829 517 1881; x_wconf 78' lang='lat' dir='ltr'>mode</span> <span class='ocrx_word' id='word_1_157' title='bbox 554 1830 796 1882; x_wconf 89' lang='lat' dir='ltr'>minores.</span> <span class='ocrx_word' id='word_1_158' title='bbox 876 1829 1058 1882; x_wconf 88' lang='lat' dir='ltr'>Tertia</span> <span class='ocrx_word' id='word_1_159' title='bbox 1093 1829 1318 1901; x_wconf 88' lang='lat' dir='ltr'>denique</span> <span class='ocrx_word' id='word_1_160' title='bbox 1354 1829 1527 1882; x_wconf 85' lang='lat' dir='ltr'>classis</span> <span class='ocrx_word' id='word_1_161' title='bbox 1554 1829 1949 1899; x_wconf 85' lang='lat' dir='ltr'>comprehendit</span> <span class='ocrx_word' id='word_1_162' title='bbox 1973 1827 2245 1880; x_wconf 90' lang='lat' dir='ltr'>varietates</span> 
     </span>
     <span class='ocr_line' id='line_1_19' title="bbox 94 1918 2247 1990; baseline 0 -20"><span class='ocrx_word' id='word_1_163' title='bbox 94 1937 290 1971; x_wconf 89' lang='lat' dir='ltr'>annuas</span> <span class='ocrx_word' id='word_1_164' title='bbox 331 1937 391 1970; x_wconf 90' lang='lat' dir='ltr'>ac</span> <span class='ocrx_word' id='word_1_165' title='bbox 425 1919 701 1989; x_wconf 88' lang='lat' dir='ltr'>plusquam</span> <span class='ocrx_word' id='word_1_166' title='bbox 739 1938 952 1982; x_wconf 82' lang='lat' dir='ltr'>annuaS,</span> <span class='ocrx_word' id='word_1_167' title='bbox 995 1938 1112 1990; x_wconf 87' lang='lat' dir='ltr'>quae</span> <span class='ocrx_word' id='word_1_168' title='bbox 1149 1930 1435 1990; x_wconf 89' lang='lat' dir='ltr'>sequuntur</span> <span class='ocrx_word' id='word_1_169' title='bbox 1471 1920 1554 1972; x_wconf 92' lang='lat' dir='ltr'>vel</span> <span class='ocrx_word' id='word_1_170' title='bbox 1589 1920 1756 1973; x_wconf 87' lang='lat' dir='ltr'>varias</span> <span class='ocrx_word' id='word_1_171' title='bbox 1796 1920 1966 1972; x_wconf 88' lang='lat' dir='ltr'>Lunae</span> <span class='ocrx_word' id='word_1_172' title='bbox 2005 1939 2036 1971; x_wconf 89' lang='lat' dir='ltr'>a</span> <span class='ocrx_word' id='word_1_173' title='bbox 2078 1918 2247 1971; x_wconf 71' lang='lat' dir='ltr'>Terra</span> 
     </span>
     <span class='ocr_line' id='line_1_20' title="bbox 95 2008 2250 2072; baseline 0 -12"><span class='ocrx_word' id='word_1_174' title='bbox 95 2008 383 2072; x_wconf 83' lang='lat' dir='ltr'>distantiaS,</span> <span class='ocrx_word' id='word_1_175' title='bbox 411 2008 492 2059; x_wconf 89' lang='lat' dir='ltr'>vel</span> <span class='ocrx_word' id='word_1_176' title='bbox 520 2009 682 2071; x_wconf 83' lang='lat' dir='ltr'>Solis3</span> <span class='ocrx_word' id='word_1_177' title='bbox 721 2009 803 2060; x_wconf 91' lang='lat' dir='ltr'>vel</span> <span class='ocrx_word' id='word_1_178' title='bbox 828 2009 982 2060; x_wconf 90' lang='lat' dir='ltr'>etiam</span> <span class='ocrx_word' id='word_1_179' title='bbox 1005 2008 1338 2062; x_wconf 89' lang='lat' dir='ltr'>luminarium</span> <span class='ocrx_word' id='word_1_180' title='bbox 1365 2009 1777 2063; x_wconf 87' lang='lat' dir='ltr'>declinationem.</span> <span class='ocrx_word' id='word_1_181' title='bbox 1857 2010 2017 2061; x_wconf 89' lang='lat' dir='ltr'>Hanc</span> <span class='ocrx_word' id='word_1_182' title='bbox 2043 2009 2111 2061; x_wconf 91' lang='lat' dir='ltr'>ob</span> <span class='ocrx_word' id='word_1_183' title='bbox 2137 2027 2250 2060; x_wconf 91' lang='lat' dir='ltr'>rem</span> 
     </span>
     <span class='ocr_line' id='line_1_21' title="bbox 94 2098 2251 2170; baseline 0 -21"><span class='ocrx_word' id='word_1_184' title='bbox 94 2099 440 2169; x_wconf 87' lang='lat' dir='ltr'>phaenomena</span> <span class='ocrx_word' id='word_1_185' title='bbox 484 2098 886 2168; x_wconf 83' lang='lat' dir='ltr'>uniuscujusque</span> <span class='ocrx_word' id='word_1_186' title='bbox 912 2098 1087 2151; x_wconf 89' lang='lat' dir='ltr'>classis</span> <span class='ocrx_word' id='word_1_187' title='bbox 1126 2099 1525 2162; x_wconf 86' lang='lat' dir='ltr'>recensebimus,</span> <span class='ocrx_word' id='word_1_188' title='bbox 1563 2109 1716 2169; x_wconf 88' lang='lat' dir='ltr'>atque</span> <span class='ocrx_word' id='word_1_189' title='bbox 1746 2099 2009 2169; x_wconf 90' lang='lat' dir='ltr'>quomodo</span> <span class='ocrx_word' id='word_1_190' title='bbox 2047 2099 2251 2170; x_wconf 86' lang='lat' dir='ltr'>singula</span> 
     </span>
     <span class='ocr_line' id='line_1_22' title="bbox 97 2187 2252 2259; baseline -0 -19"><span class='ocrx_word' id='word_1_191' title='bbox 97 2207 217 2240; x_wconf 92' lang='lat' dir='ltr'>cum</span> <span class='ocrx_word' id='word_1_192' title='bbox 249 2189 447 2240; x_wconf 72' lang='lat' dir='ltr'>theoria</span> <span class='ocrx_word' id='word_1_193' title='bbox 473 2187 661 2239; x_wconf 69' lang='lat' dir='ltr'>tradita</span> <span class='ocrx_word' id='word_1_194' title='bbox 688 2197 992 2259; x_wconf 85' lang='lat' dir='ltr'>congruant,</span> <span class='ocrx_word' id='word_1_195' title='bbox 1021 2188 1367 2241; x_wconf 77' lang='lat' dir='ltr'>ostendemus·</span> <span class='ocrx_word' id='word_1_196' title='bbox 1446 2187 1557 2240; x_wconf 79' lang='lat' dir='ltr'>Hic</span> <span class='ocrx_word' id='word_1_197' title='bbox 1581 2188 1722 2252; x_wconf 79' lang='lat' dir='ltr'>vere,</span> <span class='ocrx_word' id='word_1_198' title='bbox 1759 2198 1817 2240; x_wconf 88' lang='lat' dir='ltr'>ut</span> <span class='ocrx_word' id='word_1_199' title='bbox 1845 2190 1956 2258; x_wconf 83' lang='lat' dir='ltr'>jam</span> <span class='ocrx_word' id='word_1_200' title='bbox 1982 2198 2059 2240; x_wconf 87' lang='lat' dir='ltr'>est</span> <span class='ocrx_word' id='word_1_201' title='bbox 2082 2189 2252 2240; x_wconf 87' lang='lat' dir='ltr'>moni-</span> 
     </span>
     <span class='ocr_line' id='line_1_23' title="bbox 99 2279 2249 2349; baseline 0 -18"><span class='ocrx_word' id='word_1_202' title='bbox 99 2289 227 2341; x_wconf 91' lang='lat' dir='ltr'>tum,</span> <span class='ocrx_word' id='word_1_203' title='bbox 273 2298 303 2330; x_wconf 84' lang='lat' dir='ltr'>a</span> <span class='ocrx_word' id='word_1_204' title='bbox 341 2279 814 2347; x_wconf 86' lang='lat' dir='ltr'>perturbationibus</span> <span class='ocrx_word' id='word_1_205' title='bbox 857 2297 974 2349; x_wconf 83' lang='lat' dir='ltr'>quae</span> <span class='ocrx_word' id='word_1_206' title='bbox 1014 2298 1045 2332; x_wconf 85' lang='lat' dir='ltr'>a</span> <span class='ocrx_word' id='word_1_207' title='bbox 1090 2279 1269 2332; x_wconf 90' lang='lat' dir='ltr'>Terris</span> <span class='ocrx_word' id='word_1_208' title='bbox 1309 2298 1371 2331; x_wconf 90' lang='lat' dir='ltr'>ac</span> <span class='ocrx_word' id='word_1_209' title='bbox 1408 2279 1667 2333; x_wconf 89' lang='lat' dir='ltr'>littoribus</span> <span class='ocrx_word' id='word_1_210' title='bbox 1703 2281 1978 2349; x_wconf 86' lang='lat' dir='ltr'>provenire</span> <span class='ocrx_word' id='word_1_211' title='bbox 2013 2290 2249 2349; x_wconf 88' lang='lat' dir='ltr'>possunt,</span> 
     </span>
     <span class='ocr_line' id='line_1_24' title="bbox 100 2371 2252 2442; baseline 0 -20"><span class='ocrx_word' id='word_1_212' title='bbox 100 2372 330 2423; x_wconf 91' lang='lat' dir='ltr'>animum</span> <span class='ocrx_word' id='word_1_213' title='bbox 355 2390 568 2440; x_wconf 87' lang='lat' dir='ltr'>prorsus</span> <span class='ocrx_word' id='word_1_214' title='bbox 595 2371 927 2435; x_wconf 88' lang='lat' dir='ltr'>abstinemus,</span> <span class='ocrx_word' id='word_1_215' title='bbox 961 2390 1046 2423; x_wconf 89' lang='lat' dir='ltr'>eas</span> <span class='ocrx_word' id='word_1_216' title='bbox 1073 2372 1309 2442; x_wconf 90' lang='lat' dir='ltr'>sequenti</span> <span class='ocrx_word' id='word_1_217' title='bbox 1338 2372 1511 2441; x_wconf 89' lang='lat' dir='ltr'>Capiti</span> <span class='ocrx_word' id='word_1_218' title='bbox 1535 2384 1870 2425; x_wconf 77' lang='lat' dir='ltr'>reservantes·</span> <span class='ocrx_word' id='word_1_219' title='bbox 1950 2372 2129 2428; x_wconf 78' lang='lat' dir='ltr'>Multe</span> <span class='ocrx_word' id='word_1_220' title='bbox 2154 2373 2252 2424; x_wconf 88' lang='lat' dir='ltr'>mi·-</span> 
     </span>
     <span class='ocr_line' id='line_1_25' title="bbox 98 2461 2253 2534; baseline 0 -21"><span class='ocrx_word' id='word_1_221' title='bbox 98 2462 198 2515; x_wconf 71' lang='lat' dir='ltr'>nfis</span> <span class='ocrx_word' id='word_1_222' title='bbox 223 2462 353 2514; x_wconf 76' lang='lat' dir='ltr'>vere</span> <span class='ocrx_word' id='word_1_223' title='bbox 378 2463 446 2514; x_wconf 88' lang='lat' dir='ltr'>ad</span> <span class='ocrx_word' id='word_1_224' title='bbox 469 2472 681 2514; x_wconf 90' lang='lat' dir='ltr'>ventum</span> <span class='ocrx_word' id='word_1_225' title='bbox 706 2461 793 2514; x_wconf 79' lang='lat' dir='ltr'>hic</span> <span class='ocrx_word' id='word_1_226' title='bbox 819 2462 1140 2530; x_wconf 86' lang='lat' dir='ltr'>respicimus,</span> <span class='ocrx_word' id='word_1_227' title='bbox 1181 2480 1286 2532; x_wconf 93' lang='lat' dir='ltr'>quo</span> <span class='ocrx_word' id='word_1_228' title='bbox 1317 2472 1472 2513; x_wconf 84' lang='lat' dir='ltr'>aestus</span> <span class='ocrx_word' id='word_1_229' title='bbox 1496 2464 1654 2515; x_wconf 85' lang='lat' dir='ltr'>maris</span> <span class='ocrx_word' id='word_1_230' title='bbox 1682 2461 1800 2515; x_wconf 76' lang='lat' dir='ltr'>cum</span> <span class='ocrx_word' id='word_1_231' title='bbox 1826 2463 2027 2515; x_wconf 89' lang='lat' dir='ltr'>ratione</span> <span class='ocrx_word' id='word_1_232' title='bbox 2050 2463 2253 2534; x_wconf 86' lang='lat' dir='ltr'>magni-</span> 
     </span>
     <span class='ocr_line' id='line_1_26' title="bbox 104 2550 2253 2622; baseline -0 -18"><span class='ocrx_word' id='word_1_233' title='bbox 104 2551 298 2604; x_wconf 90' lang='lat' dir='ltr'>tudinis</span> <span class='ocrx_word' id='word_1_234' title='bbox 337 2550 449 2602; x_wconf 74' lang='lat' dir='ltr'>tum</span> <span class='ocrx_word' id='word_1_235' title='bbox 484 2550 732 2619; x_wconf 90' lang='lat' dir='ltr'>temporis</span> <span class='ocrx_word' id='word_1_236' title='bbox 769 2550 1054 2619; x_wconf 88' lang='lat' dir='ltr'>plurimum</span> <span class='ocrx_word' id='word_1_237' title='bbox 1093 2550 1227 2602; x_wconf 88' lang='lat' dir='ltr'>affici</span> <span class='ocrx_word' id='word_1_238' title='bbox 1265 2551 1599 2615; x_wconf 86' lang='lat' dir='ltr'>observatur3</span> <span class='ocrx_word' id='word_1_239' title='bbox 1639 2552 1730 2605; x_wconf 89' lang='lat' dir='ltr'>sed</span> <span class='ocrx_word' id='word_1_240' title='bbox 1767 2550 1970 2604; x_wconf 76' lang='lat' dir='ltr'>tantum</span> <span class='ocrx_word' id='word_1_241' title='bbox 2000 2553 2253 2622; x_wconf 89' lang='lat' dir='ltr'>ejusmodi</span> 
     </span>
     <span class='ocr_line' id='line_1_27' title="bbox 101 2642 2252 2716; baseline 0 -20"><span class='ocrx_word' id='word_1_242' title='bbox 101 2645 447 2715; x_wconf 81' lang='lat' dir='ltr'>phaenomena</span> <span class='ocrx_word' id='word_1_243' title='bbox 487 2645 746 2715; x_wconf 84' lang='lat' dir='ltr'>explicare</span> <span class='ocrx_word' id='word_1_244' title='bbox 786 2642 872 2694; x_wconf 80' lang='lat' dir='ltr'>hic</span> <span class='ocrx_word' id='word_1_245' title='bbox 913 2643 1233 2708; x_wconf 85' lang='lat' dir='ltr'>conabimur,</span> <span class='ocrx_word' id='word_1_246' title='bbox 1278 2662 1395 2716; x_wconf 87' lang='lat' dir='ltr'>quae</span> <span class='ocrx_word' id='word_1_247' title='bbox 1438 2645 1736 2698; x_wconf 86' lang='lat' dir='ltr'>memoratis</span> <span class='ocrx_word' id='word_1_248' title='bbox 1777 2645 2252 2715; x_wconf 88' lang='lat' dir='ltr'>perturbationibus</span> 
     </span>
     <span class='ocr_line' id='line_1_28' title="bbox 103 2735 711 2788; baseline -0.005 0"><span class='ocrx_word' id='word_1_249' title='bbox 103 2735 316 2788; x_wconf 88' lang='lat' dir='ltr'>minime</span> <span class='ocrx_word' id='word_1_250' title='bbox 343 2737 446 2787; x_wconf 91' lang='lat' dir='ltr'>sint</span> <span class='ocrx_word' id='word_1_251' title='bbox 470 2735 711 2786; x_wconf 87' lang='lat' dir='ltr'>obnoxia.</span> 
     </span>
    </p>

    <p class='ocr_par' dir='ltr' id='par_1_4' title="bbox 100 2823 2256 3801">
     <span class='ocr_line' id='line_1_29' title="bbox 173 2823 2253 2896; baseline 0.002 -21"><span class='ocrx_word' id='word_1_252' title='bbox 173 2829 212 2892; x_wconf 58' lang='grc' dir='ltr'>ᾗ.</span> <span class='ocrx_word' id='word_1_253' title='bbox 245 2832 362 2878; x_wconf 90' lang='grc'><strong>100.</strong></span> <span class='ocrx_word' id='word_1_254' title='bbox 410 2823 573 2885; x_wconf 84' lang='lat' dir='ltr'>Quod</span> <span class='ocrx_word' id='word_1_255' title='bbox 609 2823 767 2894; x_wconf 86' lang='lat' dir='ltr'>igitur</span> <span class='ocrx_word' id='word_1_256' title='bbox 792 2823 862 2875; x_wconf 89' lang='lat' dir='ltr'>ad</span> <span class='ocrx_word' id='word_1_257' title='bbox 885 2824 1108 2893; x_wconf 89' lang='lat' dir='ltr'>primam</span> <span class='ocrx_word' id='word_1_258' title='bbox 1134 2825 1349 2877; x_wconf 88' lang='lat' dir='ltr'>classem</span> <span class='ocrx_word' id='word_1_259' title='bbox 1377 2826 1574 2890; x_wconf 87' lang='lat' dir='ltr'>attinet,</span> <span class='ocrx_word' id='word_1_260' title='bbox 1602 2826 1927 2896; x_wconf 80' lang='lat' dir='ltr'>praecipuum</span> <span class='ocrx_word' id='word_1_261' title='bbox 1951 2826 2253 2896; x_wconf 79' lang='lat' dir='ltr'>phaenome-</span> 
     </span>
     <span class='ocr_line' id='line_1_30' title="bbox 100 2914 2255 2990; baseline 0.001 -23"><span class='ocrx_word' id='word_1_262' title='bbox 100 2933 229 2967; x_wconf 89' lang='lat' dir='ltr'>num</span> <span class='ocrx_word' id='word_1_263' title='bbox 265 2915 320 2966; x_wconf 92' lang='lat' dir='ltr'>in</span> <span class='ocrx_word' id='word_1_264' title='bbox 355 2914 458 2966; x_wconf 91' lang='lat' dir='ltr'>hoc</span> <span class='ocrx_word' id='word_1_265' title='bbox 499 2914 744 2978; x_wconf 89' lang='lat' dir='ltr'>consistit,</span> <span class='ocrx_word' id='word_1_266' title='bbox 786 2914 932 2985; x_wconf 75' lang='lat' dir='ltr'>qued</span> <span class='ocrx_word' id='word_1_267' title='bbox 967 2916 1160 2986; x_wconf 91' lang='lat' dir='ltr'>ubique</span> <span class='ocrx_word' id='word_1_268' title='bbox 1197 2916 1253 2968; x_wconf 91' lang='lat' dir='ltr'>in</span> <span class='ocrx_word' id='word_1_269' title='bbox 1289 2917 1605 2985; x_wconf 85' lang='lat' dir='ltr'>amplissimo</span> <span class='ocrx_word' id='word_1_270' title='bbox 1645 2937 1840 2970; x_wconf 90' lang='lat' dir='ltr'>oceano</span> <span class='ocrx_word' id='word_1_271' title='bbox 1877 2919 2108 2990; x_wconf 91' lang='lat' dir='ltr'>quotidie</span> <span class='ocrx_word' id='word_1_272' title='bbox 2143 2919 2255 2970; x_wconf 89' lang='lat' dir='ltr'>bini</span> 
     </span>
     <span class='ocr_line' id='line_1_31' title="bbox 102 3004 2255 3077; baseline 0.001 -20"><span class='ocrx_word' id='word_1_273' title='bbox 102 3005 262 3058; x_wconf 90' lang='lat' dir='ltr'>maris</span> <span class='ocrx_word' id='word_1_274' title='bbox 288 3006 460 3057; x_wconf 88' lang='lat' dir='ltr'>fluxus</span> <span class='ocrx_word' id='word_1_275' title='bbox 487 3023 579 3057; x_wconf 90' lang='lat' dir='ltr'>seu</span> <span class='ocrx_word' id='word_1_276' title='bbox 605 3004 930 3068; x_wconf 85' lang='lat' dir='ltr'>elevationeS,</span> <span class='ocrx_word' id='word_1_277' title='bbox 969 3004 1181 3075; x_wconf 91' lang='lat' dir='ltr'>binique</span> <span class='ocrx_word' id='word_1_278' title='bbox 1206 3005 1437 3057; x_wconf 89' lang='lat' dir='ltr'>refluxus</span> <span class='ocrx_word' id='word_1_279' title='bbox 1463 3025 1555 3058; x_wconf 90' lang='lat' dir='ltr'>seu</span> <span class='ocrx_word' id='word_1_280' title='bbox 1579 3006 1936 3077; x_wconf 88' lang='lat' dir='ltr'>depressiones</span> <span class='ocrx_word' id='word_1_281' title='bbox 1975 3008 2255 3059; x_wconf 89' lang='lat' dir='ltr'>observen-</span> 
     </span>
     <span class='ocr_line' id='line_1_32' title="bbox 106 3095 2254 3180; baseline 0.001 -32"><span class='ocrx_word' id='word_1_282' title='bbox 106 3109 207 3160; x_wconf 88' lang='lat' dir='ltr'>tur,</span> <span class='ocrx_word' id='word_1_283' title='bbox 248 3106 403 3166; x_wconf 87' lang='lat' dir='ltr'>atque</span> <span class='ocrx_word' id='word_1_284' title='bbox 446 3104 651 3180; x_wconf 75' lang='lat' dir='ltr'>tempus</span> <span class='ocrx_word' id='word_1_285' title='bbox 691 3095 827 3147; x_wconf 89' lang='lat' dir='ltr'>inter</span> <span class='ocrx_word' id='word_1_286' title='bbox 869 3096 1019 3147; x_wconf 88' lang='lat' dir='ltr'>binos</span> <span class='ocrx_word' id='word_1_287' title='bbox 1064 3097 1236 3148; x_wconf 89' lang='lat' dir='ltr'>fluxus</span> <span class='ocrx_word' id='word_1_288' title='bbox 1280 3099 1595 3150; x_wconf 87' lang='lat' dir='ltr'>successivos</span> <span class='ocrx_word' id='word_1_289' title='bbox 1636 3100 1839 3151; x_wconf 86' lang='lat' dir='ltr'>circiter</span> <span class='ocrx_word' id='word_1_290' title='bbox 1881 3107 1962 3151; x_wconf 80' lang='lat'>12.</span> <span class='ocrx_word' id='word_1_291' title='bbox 2001 3099 2113 3152; x_wconf 90' lang='lat' dir='ltr'>hor.</span> <span class='ocrx_word' id='word_1_292' title='bbox 2152 3102 2254 3151; x_wconf 76' lang='lat'>24&#39;.</span> 
     </span>
     <span class='ocr_line' id='line_1_33' title="bbox 108 3185 2255 3260; baseline 0.003 -23"><span class='ocrx_word' id='word_1_293' title='bbox 108 3185 543 3255; x_wconf 87' lang='lat' dir='ltr'>deprehendatur.</span> <span class='ocrx_word' id='word_1_294' title='bbox 597 3185 765 3257; x_wconf 25' lang='lat' dir='ltr'>&#39;Huic</span> <span class='ocrx_word' id='word_1_295' title='bbox 802 3185 927 3238; x_wconf 75' lang='lat' dir='ltr'>vere</span> <span class='ocrx_word' id='word_1_296' title='bbox 962 3187 1325 3255; x_wconf 86' lang='lat' dir='ltr'>phaenomen0‚</span> <span class='ocrx_word' id='word_1_297' title='bbox 1367 3189 1411 3240; x_wconf 89' lang='lat' dir='ltr'>si</span> <span class='ocrx_word' id='word_1_298' title='bbox 1447 3190 1540 3241; x_wconf 90' lang='lat' dir='ltr'>ulli</span> <span class='ocrx_word' id='word_1_299' title='bbox 1576 3190 1678 3254; x_wconf 90' lang='lat' dir='ltr'>alii,</span> <span class='ocrx_word' id='word_1_300' title='bbox 1716 3210 1813 3260; x_wconf 83' lang='lat' dir='ltr'>per</span> <span class='ocrx_word' id='word_1_301' title='bbox 1845 3192 2098 3244; x_wconf 86' lang='lat' dir='ltr'>theoriam</span> <span class='ocrx_word' id='word_1_302' title='bbox 2131 3210 2255 3243; x_wconf 88' lang='lat' dir='ltr'>nos-</span> 
     </span>
     <span class='ocr_line' id='line_1_34' title="bbox 110 3273 2255 3352; baseline 0.003 -26"><span class='ocrx_word' id='word_1_303' title='bbox 110 3284 244 3326; x_wconf 86' lang='lat' dir='ltr'>tram</span> <span class='ocrx_word' id='word_1_304' title='bbox 267 3273 564 3344; x_wconf 75' lang='lat' dir='ltr'>plenissime</span> <span class='ocrx_word' id='word_1_305' title='bbox 591 3284 668 3326; x_wconf 90' lang='lat' dir='ltr'>est</span> <span class='ocrx_word' id='word_1_306' title='bbox 693 3275 1025 3339; x_wconf 87' lang='lat' dir='ltr'>satisfactum,</span> <span class='ocrx_word' id='word_1_307' title='bbox 1064 3276 1154 3327; x_wconf 92' lang='lat' dir='ltr'>ubi</span> <span class='ocrx_word' id='word_1_308' title='bbox 1188 3278 1506 3330; x_wconf 89' lang='lat' dir='ltr'>ostendimus</span> <span class='ocrx_word' id='word_1_309' title='bbox 1531 3280 1812 3332; x_wconf 88' lang='lat' dir='ltr'>maximam</span> <span class='ocrx_word' id='word_1_310' title='bbox 1838 3300 1988 3352; x_wconf 88' lang='lat' dir='ltr'>aquae</span> <span class='ocrx_word' id='word_1_311' title='bbox 2014 3283 2255 3335; x_wconf 91' lang='lat' dir='ltr'>elevatio-</span> 
     </span>
     <span class='ocr_line' id='line_1_35' title="bbox 109 3363 2255 3440; baseline 0.005 -26"><span class='ocrx_word' id='word_1_312' title='bbox 109 3382 231 3414; x_wconf 91' lang='lat' dir='ltr'>nem</span> <span class='ocrx_word' id='word_1_313' title='bbox 268 3363 448 3414; x_wconf 91' lang='lat' dir='ltr'>deberi</span> <span class='ocrx_word' id='word_1_314' title='bbox 485 3363 722 3415; x_wconf 86' lang='lat' dir='ltr'>transitui</span> <span class='ocrx_word' id='word_1_315' title='bbox 758 3365 928 3416; x_wconf 86' lang='lat' dir='ltr'>Lunae</span> <span class='ocrx_word' id='word_1_316' title='bbox 964 3384 1060 3434; x_wconf 82' lang='lat' dir='ltr'>per</span> <span class='ocrx_word' id='word_1_317' title='bbox 1088 3366 1433 3418; x_wconf 86' lang='lat' dir='ltr'>meridianum</span> <span class='ocrx_word' id='word_1_318' title='bbox 1458 3378 1563 3419; x_wconf 88' lang='lat' dir='ltr'>tam</span> <span class='ocrx_word' id='word_1_319' title='bbox 1589 3388 1745 3438; x_wconf 87' lang='lat' dir='ltr'>supra</span> <span class='ocrx_word' id='word_1_320' title='bbox 1771 3369 1925 3440; x_wconf 74' lang='lat' dir='ltr'>quam</span> <span class='ocrx_word' id='word_1_321' title='bbox 1962 3371 2095 3423; x_wconf 87' lang='lat' dir='ltr'>infra</span> <span class='ocrx_word' id='word_1_322' title='bbox 2121 3373 2255 3425; x_wconf 92' lang='lat' dir='ltr'>Ter-</span> 
     </span>
     <span class='ocr_line' id='line_1_36' title="bbox 108 3449 2256 3532; baseline 0.007 -31"><span class='ocrx_word' id='word_1_323' title='bbox 108 3470 249 3502; x_wconf 88' lang='lat' dir='ltr'>ram:</span> <span class='ocrx_word' id='word_1_324' title='bbox 290 3470 356 3502; x_wconf 90' lang='lat' dir='ltr'>ex</span> <span class='ocrx_word' id='word_1_325' title='bbox 382 3469 485 3521; x_wconf 92' lang='lat' dir='ltr'>quo</span> <span class='ocrx_word' id='word_1_326' title='bbox 511 3449 629 3502; x_wconf 79' lang='lat' dir='ltr'>cum</span> <span class='ocrx_word' id='word_1_327' title='bbox 657 3452 812 3529; x_wconf 82' lang='lat' dir='ltr'>Luna</span> <span class='ocrx_word' id='word_1_328' title='bbox 835 3453 939 3532; x_wconf 67' lang='lat' dir='ltr'>una</span> <span class='ocrx_word' id='word_1_329' title='bbox 966 3455 1287 3509; x_wconf 90' lang='lat' dir='ltr'>revolutione</span> <span class='ocrx_word' id='word_1_330' title='bbox 1311 3456 1497 3510; x_wconf 70' lang='lat' dir='ltr'>diurna</span> <span class='ocrx_word' id='word_1_331' title='bbox 1523 3459 1603 3511; x_wconf 92' lang='lat' dir='ltr'>bis</span> <span class='ocrx_word' id='word_1_332' title='bbox 1628 3460 1695 3512; x_wconf 90' lang='lat' dir='ltr'>ad</span> <span class='ocrx_word' id='word_1_333' title='bbox 1720 3461 1949 3530; x_wconf 87' lang='lat' dir='ltr'>ejusdem</span> <span class='ocrx_word' id='word_1_334' title='bbox 1974 3463 2076 3515; x_wconf 90' lang='lat' dir='ltr'>loci</span> <span class='ocrx_word' id='word_1_335' title='bbox 2099 3466 2256 3516; x_wconf 92' lang='lat' dir='ltr'>meri-</span> 
     </span>
     <span class='ocr_line' id='line_1_37' title="bbox 115 3541 2255 3626; baseline 0.006 -33"><span class='ocrx_word' id='word_1_336' title='bbox 115 3543 328 3594; x_wconf 90' lang='lat' dir='ltr'>dianum</span> <span class='ocrx_word' id='word_1_337' title='bbox 353 3541 578 3610; x_wconf 86' lang='lat' dir='ltr'>appellat</span> <span class='ocrx_word' id='word_1_338' title='bbox 603 3543 875 3595; x_wconf 86' lang='lat' dir='ltr'>intervallo</span> <span class='ocrx_word' id='word_1_339' title='bbox 901 3547 1148 3614; x_wconf 90' lang='lat' dir='ltr'>temporis</span> <span class='ocrx_word' id='word_1_340' title='bbox 1174 3546 1376 3599; x_wconf 87' lang='lat' dir='ltr'>circiter</span> <span class='ocrx_word' id='word_1_341' title='bbox 1407 3555 1469 3599; x_wconf 81' lang='lat'>12</span> <span class='ocrx_word' id='word_1_342' title='bbox 1495 3548 1610 3602; x_wconf 89' lang='lat' dir='ltr'>hor.</span> <span class='ocrx_word' id='word_1_343' title='bbox 1639 3552 1740 3602; x_wconf 68' lang='lat'>24².</span> <span class='ocrx_word' id='word_1_344' title='bbox 1768 3553 2058 3605; x_wconf 79' lang='lat' dir='ltr'>necessario</span> <span class='ocrx_word' id='word_1_345' title='bbox 2084 3555 2255 3626; x_wconf 91' lang='lat' dir='ltr'>sequi-</span> 
     </span>
     <span class='ocr_line' id='line_1_38' title="bbox 108 3630 2254 3714; baseline 0.005 -30"><span class='ocrx_word' id='word_1_346' title='bbox 108 3642 194 3684; x_wconf 90' lang='lat' dir='ltr'>tur</span> <span class='ocrx_word' id='word_1_347' title='bbox 230 3630 334 3684; x_wconf 65' lang='lat' dir='ltr'>una</span> <span class='ocrx_word' id='word_1_348' title='bbox 373 3633 693 3685; x_wconf 91' lang='lat' dir='ltr'>revolutione</span> <span class='ocrx_word' id='word_1_349' title='bbox 727 3634 896 3686; x_wconf 89' lang='lat' dir='ltr'>Lunae</span> <span class='ocrx_word' id='word_1_350' title='bbox 922 3637 1058 3688; x_wconf 90' lang='lat' dir='ltr'>circa</span> <span class='ocrx_word' id='word_1_351' title='bbox 1097 3637 1318 3688; x_wconf 91' lang='lat' dir='ltr'>Terram</span> <span class='ocrx_word' id='word_1_352' title='bbox 1342 3638 1491 3690; x_wconf 91' lang='lat' dir='ltr'>binos</span> <span class='ocrx_word' id='word_1_353' title='bbox 1516 3641 1687 3692; x_wconf 90' lang='lat' dir='ltr'>fluxus</span> <span class='ocrx_word' id='word_1_354' title='bbox 1713 3651 1859 3694; x_wconf 87' lang='lat' dir='ltr'>tanto</span> <span class='ocrx_word' id='word_1_355' title='bbox 1886 3652 2118 3714; x_wconf 90' lang='lat' dir='ltr'>tempore</span> <span class='ocrx_word' id='word_1_356' title='bbox 2143 3665 2174 3696; x_wconf 89' lang='lat' dir='ltr'>a</span> <span class='ocrx_word' id='word_1_357' title='bbox 2199 3663 2254 3696; x_wconf 89' lang='lat' dir='ltr'>se</span> 
     </span>
     <span class='ocr_line' id='line_1_39' title="bbox 110 3720 2254 3801; baseline 0.006 -29"><span class='ocrx_word' id='word_1_358' title='bbox 110 3722 332 3772; x_wconf 90' lang='lat' dir='ltr'>invicem</span> <span class='ocrx_word' id='word_1_359' title='bbox 356 3720 561 3772; x_wconf 89' lang='lat' dir='ltr'>dissitos</span> <span class='ocrx_word' id='word_1_360' title='bbox 587 3722 712 3772; x_wconf 85' lang='lat' dir='ltr'>oriri</span> <span class='ocrx_word' id='word_1_361' title='bbox 740 3722 945 3787; x_wconf 88' lang='lat' dir='ltr'>debere,</span> <span class='ocrx_word' id='word_1_362' title='bbox 985 3725 1421 3794; x_wconf 88' lang='lat' dir='ltr'>quemadmodum</span> <span class='ocrx_word' id='word_1_363' title='bbox 1448 3726 1550 3779; x_wconf 92' lang='lat' dir='ltr'>hoc</span> <span class='ocrx_word' id='word_1_364' title='bbox 1575 3729 1747 3797; x_wconf 89' lang='lat' dir='ltr'>ipsum</span> <span class='ocrx_word' id='word_1_365' title='bbox 1772 3732 1998 3784; x_wconf 77' lang='lat' dir='ltr'>calculus</span> <span class='ocrx_word' id='word_1_366' title='bbox 2025 3744 2129 3784; x_wconf 89' lang='lat' dir='ltr'>tam</span> <span class='ocrx_word' id='word_1_367' title='bbox 2154 3752 2254 3801; x_wconf 89' lang='lat' dir='ltr'>pro</span> 
     </span>
    </p>
   </div>
   <div class='ocr_carea' id='block_1_3' title="bbox 110 3812 2267 3946">
    <p class='ocr_par' dir='ltr' id='par_1_5' title="bbox 110 3812 2267 3946">
     <span class='ocr_line' id='line_1_40' title="bbox 110 3812 2267 3890; baseline 0.006 -27"><span class='ocrx_word' id='word_1_368' title='bbox 110 3812 385 3883; x_wconf 87' lang='lat' dir='ltr'>hypothesi</span> <span class='ocrx_word' id='word_1_369' title='bbox 411 3835 559 3886; x_wconf 76' lang='lat' dir='ltr'>aquae</span> <span class='ocrx_word' id='word_1_370' title='bbox 595 3816 775 3869; x_wconf 73' lang='lat' dir='ltr'>inertia</span> <span class='ocrx_word' id='word_1_371' title='bbox 804 3818 1039 3883; x_wconf 81' lang='lat' dir='ltr'>carentiS,</span> <span class='ocrx_word' id='word_1_372' title='bbox 1073 3818 1228 3890; x_wconf 75' lang='lat' dir='ltr'>quam</span> <span class='ocrx_word' id='word_1_373' title='bbox 1253 3819 1474 3873; x_wconf 67' lang='lat' dir='ltr'>admissa</span> <span class='ocrx_word' id='word_1_374' title='bbox 1511 3822 1712 3888; x_wconf 62' lang='lat' dir='ltr'>inertia,</span> <span class='ocrx_word' id='word_1_375' title='bbox 1742 3824 2020 3877; x_wconf 75' lang='lat' dir='ltr'>clarissime</span> <span class='ocrx_word' id='word_1_376' title='bbox 2057 3825 2267 3882; x_wconf 83' lang='lat' dir='ltr'>indica-,</span> 
     </span>
     <span class='ocr_line' id='line_1_41' title="bbox 1150 3909 1227 3946; baseline 0 0"><span class='ocrx_word' id='word_1_377' title='bbox 1150 3909 1182 3946; x_wconf 92' lang='lat' dir='ltr'>Z</span> <span class='ocrx_word' id='word_1_378' title='bbox 1203 3913 1227 3946; x_wconf 75' lang='lat'>‘2</span> 
     </span>
    </p>
   </div>
  </div>
 </body>
</html>
