2528 4172
275 296 339 341 16
439 312 441 315 ·
792 288 1359 344 PHILOSOPHIAE
1399 288 1851 345 NATURALIS
1925 289 2044 355 [DE
2066 290 2229 345 Mus.
2254 292 2400 345 SYs'r.

272 432 555 502 pemodum
593 433 837 486 uniformi
874 452 992 485 curn
1028 444 1191 498 motu,
1232 434 1322 486 sed
1353 435 1510 503 paulo
1536 434 1751 487 celerius
1777 444 1948 486 tamen
1973 434 2028 485 in
2052 433 2312 502 periheliis
2349 453 2410 488 ac

274 523 469 575 tardius
506 524 561 575 in
599 523 831 593 apheliiS,
872 524 946 575 sic
982 532 1041 575 ut
1077 542 1314 576 arearum
1351 524 1616 596 aequabilis
1652 524 1718 575 sit
1742 522 2036 591 descriptio,
2114 522 2410 591 Propositio

273 623 352 665 est
376 615 683 665 astronomis
708 614 987 676 notissima,
1022 613 1085 682 (2)
1108 622 1159 665 et
1182 614 1236 664 in
1256 613 1386 665 Jove
1411 611 1644 681 apprime
1670 611 2051 663 demonstratur
2074 628 2170 678 per
2195 610 2409 679 eclipses

273 704 564 768 satellitum,
605 695 791 774 quibus
828 704 1101 773 eclipsibus
1135 703 1523 755 heliocentricas
1559 702 1783 772 planetae
1807 703 1960 772 hujus
1984 701 2334 773 longitudines
2359 710 2411 754 et

276 795 542 848 distantias
569 814 599 847 a
628 795 748 849 Sole
774 796 1105 849 determinari
1131 795 1372 848 diximus.

976 1004 1563 1057 PHAENOMENON
1604 1004 1700 1056 VI.

274 1181 476 1232 Lunam
514 1182 663 1232 radio
700 1183 770 1232 ad
816 1176 1031 1232 centrum
1078 1182 1251 1232 Terroe
1300 1181 1460 1242 duem,
1511 1194 1683 1229 aream
1732 1178 1944 1244 tempori
1979 1175 2410 1244 proportionalem

1192 1268 1476 1321 describere.

351 1444 508 1511 Patet
533 1462 602 1497 ex
622 1444 791 1497 Lunae
815 1455 961 1498 motu
986 1454 1266 1515 apparente
1292 1463 1414 1498 cum
1438 1444 1598 1514 ipsius
1624 1444 1877 1497 diametro
1902 1452 2182 1514 apparente
2208 1442 2409 1496 collato.

281 1536 622 1589 Perturbatur
659 1547 829 1600 autem
873 1547 1044 1590 motus
1083 1537 1280 1590 lunaris
1324 1536 1701 1607 aliquantulum
1751 1555 1782 1587 a
1830 1535 1880 1586 vi
1928 1535 2078 1599 Solis,
2132 1534 2223 1587 sed
2273 1552 2414 1587 erro-

279 1645 397 1678 rum
423 1627 741 1680 insensibiles
767 1628 1009 1681 minutias
1034 1628 1089 1679 in
1112 1628 1255 1681 hisce
1280 1626 1637 1698 phaenomenis
1663 1625 1888 1697 negligo.

337 1816 399 1868 (²)
429 1818 485 1856 Et
503 1818 547 1856 in
564 1819 655 1858 Jove
673 1816 844 1867 apprime
869 1820 1158 1857 demonstratur.
1218 1817 1324 1855 Nam
1381 1817 1524 1862 Solem,
1564 1823 1604 1853 et
1640 1814 1765 1853 orbita
1799 1814 1883 1863 ipsa
1917 1812 2078 1852 describi
2115 1819 2263 1862 potest;
2310 1809 2418 1850 unde

283 1880 353 1917 per
378 1868 539 1919 eclipses
565 1869 774 1908 satellitum
793 1871 1069 1909 determinatur
1087 1871 1197 1921 locus
1214 1870 1324 1910 Jovis
1377 1869 1710 1921 quemadmodum
1746 1867 1795 1906 de
1835 1867 1925 1906 Sole
1960 1866 2132 1905 diximus
2177 1867 2266 1916 (43)
2312 1871 2419 1925 patet

282 1934 306 1961 e
339 1922 427 1961 Sole
456 1923 560 1961 visus
588 1924 746 1974 ejusque
775 1938 799 1962 a
831 1925 919 1962 Sole
947 1923 1138 1969 distantia,
1172 1931 1210 1961 et
1238 1922 1325 1961 ideo
1377 1925 1518 1962 Jovem
1547 1922 1760 1960 describere
1789 1933 1895 1960 areas
1930 1919 2168 1970 temporibus
2204 1924 2418 1968 propemo-

281 1974 432 2014 collatis
458 1976 628 2025 plurium
657 1977 858 2024 eclipsium
892 1977 1228 2022 observationibus,
1256 1978 1324 2014 ha·-
1378 1977 1485 2015 nales
1503 1974 1604 2015 circa
1625 1974 1766 2014 Solem.

284 2030 398 2067 betur
423 2037 553 2069 motus
581 2043 693 2068 verus
719 2030 829 2070 Jovis
854 2030 895 2068 in
913 2029 1067 2081 propri&
1085 2030 1207 2069 orbita
1226 2028 1325 2069 circii
