2528 4172
0 3437 39 3477 *m*v
0 3410 32 3427 ἵ
0 3388 4 3402 <⁴
0 3275 37 3373 552?ss
0 3166 41 3269 2³⁵3&
10 3147 11 3150 „

570 248 885 303 FLUXUS
924 248 1025 300 AC
1066 246 1489 301 REFLUXUS
1529 243 1793 297 MARIS.
2151 245 2255 293 299

115 386 298 438 Altera
338 397 510 439 autem
553 388 826 440 difficultas
863 389 917 439 in
951 386 1062 456 ipsa
1101 387 1296 456 analysi
1337 396 1413 438 est
1447 386 1631 455 posita,
1673 382 1735 435 eo
1774 381 1915 453 quod
1952 380 2049 433 iste
2085 390 2259 433 motus

112 476 269 527 maris
295 478 587 545 reciprocus
624 496 835 546 prorsus
862 478 927 528 sit
951 476 1182 527 diversus
1209 475 1538 545 abpmnibus
1570 471 1975 525 oscillationibus
2000 488 2030 520 a
2052 468 2257 521 mathe-

113 565 312 616 maticis
349 565 519 616 adhuc
556 565 919 617 consideratis:
959 565 1091 615 vires
1130 564 1268 615 enim
1308 563 1477 614 Lunae
1503 581 1563 612 ac
1592 561 1726 613 Solis
1752 578 1894 611 mare
1920 558 2258 610 sollicitantes

114 670 283 723 neque
322 672 353 704 a
396 654 495 704 situ
536 654 766 722 corporis
804 652 1098 715 oscillantis,
1145 670 1314 722 neque
1351 652 1416 702 ab
1453 651 1561 719 ejus
1599 650 1859 701 celeritate
1895 647 2143 717 pendent,
2181 645 2260 697 uti

113 743 168 794 id
204 762 301 794 usu
337 744 477 794 venit
511 744 566 794 in
603 743 842 794 omnibus
869 742 1247 793 oscillationum
1273 741 1475 792 casibus
1513 740 1666 791 etiam
1693 757 1835 790 nunc
1860 737 2125 806 expositis,
2165 734 2258 787 sed

114 850 189 882 eae
213 831 345 883 vires
383 851 413 883 a
451 832 551 886 situ
588 831 918 882 luminarium
942 840 1180 899 respectu
1206 829 1407 891 Terrae,
1448 828 1669 897 ideoque
1695 846 1727 878 a
1752 836 1987 895 tempore
2012 824 2260 877 determi-

112 933 317 985 nantur,
358 922 642 991 cujusmodi
679 921 1022 973 oscillationes
1059 937 1215 971 nemo
1251 918 1439 980 adhuc,
1479 927 1731 987 quantum
1777 914 1989 985 quidem
2032 922 2251 977 constat,

114 1013 311 1063 calculo
349 1012 581 1081 subjecit.

185 1107 222 1169 §.
252 1108 335 1157 75.
376 1101 536 1163 Quod
562 1101 770 1171 quidem
795 1102 863 1153 ad
886 1101 1114 1170 priorem
1141 1099 1494 1152 difficultatem
1518 1097 1788 1168 physicam
1812 1097 2010 1159 attinet,
2047 1114 2130 1147 res
2155 1093 2258 1145 hoc

113 1191 322 1262 quidem
359 1202 592 1260 tempore
621 1190 727 1242 fere
764 1190 1037 1259 desperata
1062 1189 1296 1251 videtur3
1337 1205 1649 1258 quamquam
1674 1186 1812 1237 enim
1837 1185 1903 1237 ab
1929 1185 2101 1255 aliquo
2126 1193 2258 1235 tem-

112 1300 240 1350 pore
277 1281 475 1333 theoria
513 1279 682 1331 motus
720 1298 969 1351 aquarum
1008 1279 1236 1350 ingentia
1276 1278 1340 1329 sit
1374 1286 1608 1328 assecuta
1635 1276 1968 1337 incrementa,
1996 1283 2171 1324 tamen
2197 1291 2259 1324 ea

115 1370 437 1439 potissimum
463 1378 662 1420 motum
687 1386 937 1438 aquarum
975 1368 1028 1418 in
1053 1368 1186 1418 vasis
1214 1376 1265 1418 et
1289 1366 1425 1417 tubis
1450 1365 1723 1416 fluentium
1747 1363 2047 1432 respiciunt,
2087 1381 2260 1432 neque

114 1462 203 1512 vix
257 1461 419 1511 ullum
475 1459 806 1511 commodum
855 1458 976 1510 inde
1026 1458 1092 1509 ad
1141 1466 1342 1508 motum
1390 1455 1570 1506 oceani
1628 1452 1985 1505 definiendum
2035 1450 2260 1503 derivari

113 1561 298 1622 potest.
377 1551 735 1614 Quamobrem
771 1552 825 1603 in
862 1550 963 1602 hoc
988 1550 1201 1621 negotio
1227 1548 1367 1601 aliud
1394 1548 1669 1618 quicquam
1707 1556 1956 1616 praestare
1980 1564 2086 1596 non
2112 1545 2252 1607 licet,

116 2590 215 2641 nisi
250 2600 309 2643 ut
342 2591 715 2663 hypothesibus
753 2593 1074 2664 effingendis,
1116 2610 1233 2662 quae
1267 2611 1299 2643 a
1327 2591 1541 2643 veritate
1567 2588 1723 2660 quam
1746 2586 1960 2641 minime
1988 2587 2256 2651 abludant,

117 2691 225 2733 tota
250 2685 465 2753 quaestio
490 2685 556 2736 ad
583 2685 1015 2736 considerationes
1044 2684 1174 2753 pure
1207 2684 1544 2756 geometricas
1571 2693 1622 2735 et
1647 2683 1926 2752 analyticas
1952 2690 2257 2733 revocetur:

117 2770 330 2823 alteram
373 2783 544 2824 autem
585 2774 937 2827 difficultatem
973 2774 1406 2837 mathematicam,
1448 2774 1648 2825 etiamsi
1686 2772 1999 2824 difficillimis
2031 2772 2268 2841 integra-

118 2859 345 2911 tionibus
389 2861 454 2911 sit
495 2862 739 2924 involuta,
781 2871 955 2913 tamen
996 2861 1211 2914 feliciter
1255 2881 1502 2931 superare
1545 2862 1872 2913 confidimus.
1972 2861 2267 2913 Considero

120 2936 312 3000 Scilicet
348 2949 672 3018 superficiem
709 2969 857 3020 aquae
899 2951 949 3002 R
978 2952 1031 3014 S,
1071 2969 1189 3021 quae
1221 2951 1323 3002 hoc
1357 2951 1411 3001 in
1446 2952 1546 3002 situ
1572 2951 1917 3021 aequilibrium
1941 2958 2115 3001 teneat
2142 2966 2267 3000 cum

121 3035 319 3107 reliqua
360 3057 508 3108 aqua,
553 3040 763 3091 remotis
806 3040 1000 3091 viribus
1044 3041 1301 3102 externis3
1354 3040 1435 3091 his
1478 3039 1602 3092 vero
1641 3040 2003 3092 accedentibus
2050 3030 2266 3091 alternis

122 3125 316 3179 vicibus
341 3129 603 3180 attollatur
627 3130 681 3180 in
717 3130 783 3192 A,
825 3129 1243 3200 deprimaturque
1279 3129 1334 3180 in
1373 3129 1436 3181 B.
1515 3128 1676 3192 Quod
1701 3130 1743 3180 si
1768 3129 1927 3200 igitur
1953 3147 2088 3199 aqua
2112 3128 2168 3178 in
2197 3127 2264 3180 M

41 3213 73 3245 ‘'²''
123 3235 287 3286 usque
324 3218 388 3269 sit
424 3218 681 3287 depressa,
721 3228 874 3288 atque
912 3229 1140 3270 externae
1175 3220 1308 3270 vires
1345 3219 1479 3271 Solis
1506 3238 1567 3270 ac
1594 3219 1762 3270 Lunae
1789 3217 1959 3269 subito
1987 3227 2264 3280 cessarent,

60 3335 65 3359 ;
124 3313 233 3357 tum
274 3306 325 3357 vi
365 3308 628 3377 gravitatis
667 3307 894 3376 propriae
935 3317 1209 3358 conaretur
1249 3326 1358 3358 sese
1402 3307 1601 3358 elevare
1641 3325 1804 3374 usque
1842 3306 1897 3356 in
1938 3306 2093 3357 situm
2133 3306 2184 3358 R
2224 3307 2262 3359 S

125 3395 429 3456 naturalem,
470 3395 665 3464 isteque
691 3409 904 3447 conatus
931 3394 993 3447 eo
1020 3396 1117 3447 erit
1141 3397 1321 3464 major,
1362 3394 1465 3464 quo
1489 3397 1654 3465 majus
1681 3395 1835 3446 fuerit
1862 3396 2086 3463 spatium
2123 3394 2169 3446 C
2201 3395 2265 3448 Μ

129 3501 233 3552 quo
269 3502 299 3534 a
336 3484 435 3534 situ
471 3484 692 3534 naturali
729 3484 896 3536 distat.
974 3484 1025 3536 A
1050 3484 1263 3535 veritate
1287 3484 1459 3553 itaque
1484 3502 1590 3534 non
1615 3484 1837 3535 multum
1863 3482 2184 3545 recedemus,
2225 3484 2269 3534 si

130 3570 266 3622 hanc
290 3570 394 3621 vim
428 3571 527 3638 ipsi
562 3571 727 3638 spatio
767 3572 832 3623 M
861 3572 906 3624 C
943 3591 1197 3640 ponamus
1221 3572 1695 3641 proportionalem:
1736 3572 2076 3641 quamobrem
2099 3572 2273 3640 posito

36 3663 78 3724 ς(
132 3661 297 3729 spatio
338 3660 402 3712 M
432 3661 476 3712 C
501 3685 557 3704 =
585 3681 607 3712 s
646 3662 743 3713 erit
773 3662 865 3724 viS‚
905 3680 1020 3731 quae
1058 3680 1205 3732 aquae
1243 3662 1572 3731 superficiem
1610 3662 1664 3713 in
1701 3661 1767 3713 M
1792 3680 1955 3732 usque
1981 3662 2277 3733 depressam

132 3783 329 3836 attollet
352 3806 409 3826 =
432 3771 513 3874 ἑ,
543 3801 659 3852 quae
685 3782 985 3853 hypothesis
1003 3785 1067 3836 ad
1086 3785 1353 3838 veritatem
1379 3784 1441 3837 eo
1466 3784 1680 3857 propius
1700 3786 1915 3851 accedit,
1936 3783 2077 3858 quod
2096 3792 2279 3854 sponte

448 3872 482 3901 ὃ
2049 3876 2054 3880 .
