2528 4172
140 258 326 315 LIBER
347 255 651 321 TERT1US.]
728 252 1132 308 PRINCIPIA
1174 254 1794 308 MATHEMATICA.

2218 266 2285 312 65

136 433 251 484 que,
275 411 333 465 in
361 420 533 479 partes
573 416 675 463 505
714 409 896 472 divise,
937 418 1109 477 partes
1137 420 1357 479 quatuor
1384 410 1710 473 detraheret3
1755 420 2027 462 manerent
2049 411 2287 479 pondera

137 507 190 556 in
228 517 451 575 utroque
489 521 639 554 crure
675 502 910 571 aequalia,
939 511 990 552 et
1014 511 1293 570 propterea
1316 502 1538 553 fluidum
1565 502 1871 554 consisteret
1895 503 1950 553 in
1976 503 2284 573 aequilibrio.

138 593 336 645 Verum
363 596 437 645 vis
463 590 749 661 centrifuga
773 590 933 676 partis
960 591 1207 660 cujusque
1234 600 1311 642 est
1336 591 1403 642 ad
1428 581 1636 660 p'ondus
1663 592 1895 661 ejusdem
1920 598 1979 643 ut
2009 599 2030 644 1
2064 593 2130 643 ad
2158 600 2281 656 289,

134 685 234 736 hoc
261 694 352 746 est,
380 684 455 734 vis
482 679 783 751 centrifuga,
807 699 924 750 quae
950 679 1162 732 deberet
1181 699 1291 732 esse
1309 681 1555 749 ponderis
1580 699 1702 749 pars
1716 683 1828 753 3:³53,
1839 692 1917 735 est
1934 680 2137 734 tantum
2161 703 2284 753 pars

137 777 248 840 23¹3&-

128 941 224 991 fuga
241 941 283 979 in
301 941 465 993 singulis
483 941 638 991 punctis
656 939 778 978 cruris
793 938 830 976 A
850 939 882 978 C
898 945 955 977 est
968 938 1008 976 in
1029 938 1177 977 ratione

129 994 320 1033 distantiae
347 1008 482 1033 eorum
510 1002 745 1043 punctorum
763 1006 787 1030 a
805 999 936 1030 centro
967 993 999 1030 C
1022 993 1059 1030 E
1091 994 1178 1044 (per

133 1049 222 1086 Cor.
245 1053 282 1086 8.
310 1048 426 1097 Prop.
453 1048 529 1086 IV.
557 1048 644 1086 Lib.
675 1047 731 1095 Ι.)
752 1046 818 1084 sed
837 1053 895 1084 est
913 1046 1031 1083 etiam
1049 1046 1175 1096 gravi-

126 1108 185 1139 tas
203 1102 446 1140 acceieratrix
466 1102 505 1138 in
524 1101 672 1139 ratione
690 1100 882 1138 distantiae
900 1112 923 1136 a
941 1107 1073 1137 centro
1090 1103 1176 1151 (per

131 1155 220 1193 Cor.
252 1159 290 1192 3.
329 1155 445 1204 Prop.
483 1155 602 1193 XCI.
642 1154 729 1192 Lib.
757 1153 816 1203 l.)
848 1166 940 1203 ergo
969 1152 1001 1189 si
1033 1151 1175 1190 alicubi

126 1207 214 1245 data
241 1208 290 1246 sit
316 1208 413 1246 ratio
440 1207 496 1246 vis
523 1207 717 1258 gravitatis
736 1207 785 1244 ad
806 1208 881 1244 vim
902 1205 1172 1256 centrifugam,

126 1260 259 1299 eadem
279 1262 351 1299 erit
377 1262 418 1298 in
436 1263 617 1300 omnibus
645 1260 819 1310 punctis:
853 1260 902 1298 sit
921 1272 1014 1310 ergo
1031 1259 1173 1297 alicubi

125 1323 172 1352 ut
196 1319 272 1353 505
301 1314 349 1353 ad
374 1320 399 1352 4
427 1316 592 1365 gravitas
620 1314 863 1353 acceleratrix
893 1320 974 1351 tota
1000 1312 1173 1364 singula-

124 1379 212 1404 rum
232 1375 271 1405 et
288 1369 464 1406 omnium
483 1368 652 1417 partium
671 1368 792 1406 cruris
814 1368 853 1405 A
876 1367 909 1405 C
928 1366 999 1404 erit
1017 1366 1066 1403 ad
1085 1379 1171 1416 gra·

125 1421 281 1458 vitatem
300 1421 491 1459 residuam
513 1422 553 1459 in
573 1422 738 1472 singulis
749 1429 787 1459 et
801 1419 983 1458 omnibus
1000 1420 1172 1468 partibus

124 1474 296 1527 ejusdem
320 1475 441 1513 cruris
459 1483 503 1513 ut
522 1479 600 1514 505
620 1475 669 1513 ad
688 1479 779 1520 501,
810 1473 876 1511 sed
895 1473 936 1510 in
956 1471 1092 1510 eadem
1111 1486 1171 1510 ra-

124 1528 229 1565 tione
256 1536 336 1565 erat
362 1536 443 1566 tota
470 1528 635 1578 gravitas
653 1528 774 1566 cruris
796 1527 835 1566 A
860 1527 892 1565 C
924 1528 1085 1578 (absque
1104 1525 1171 1564 de-

123 1581 310 1618 tractione
346 1580 402 1618 vis
437 1581 664 1632 centrifugae
700 1582 747 1619 ad
785 1580 1012 1631 gravitatem
1048 1580 1171 1617 cruris

127 1633 160 1671 C
184 1635 235 1678 Q,
264 1633 369 1684 quod
397 1633 488 1672 cum
507 1635 556 1672 sit
574 1634 667 1681 axis,
698 1635 776 1671 vim
803 1633 1062 1684 centrifugam
1081 1632 1170 1670 nul-

122 1686 198 1724 lam
220 1687 350 1737 habet)
381 1701 471 1738 ergo
490 1688 688 1726 re81duum
708 1688 765 1725 vis
783 1686 978 1738 gravitatis
999 1686 1040 1723 in
1059 1699 1170 1725 crure

127 1742 160 1777 A
189 1741 220 1778 C
246 1739 397 1779 sublata
414 1741 451 1778 vi
471 1741 613 1779 centris
613 1740 692 1793 uga
709 1741 750 1779 in
770 1740 987 1791 aequilibrio
1005 1747 1062 1779 est
1080 1752 1172 1778 cum

121 1794 305 1843 gravitate
324 1796 443 1833 cruris
466 1797 498 1834 C
524 1797 575 1840 Q.

176 1847 236 1899 (Ζ)
273 1850 294 1872 *
329 1851 383 1887 Et
410 1857 607 1898 propterea
637 1852 720 1888 dico
749 1847 963 1888 secundam
995 1848 1172 1897 regulam

120 1914 292 1938 auream.
354 1906 373 1925 ¹⁵
399 1903 476 1939 Vix
505 1903 731 1941 crediderim
765 1904 1003 1941 Newtonum
1027 1901 1077 1939 ad
1102 1913 1170 1949 ap-

119 1954 336 2001 plicandam
357 1956 529 2006 regulam
551 1969 706 1994 auream
732 1957 795 1994 hic
819 1955 906 2001 loci,
935 1955 1012 1992 alio
1030 1955 1169 1992 nixum

121 2019 198 2043 non
230 2008 349 2046 fuisse
383 2010 636 2048 fundamento
668 2010 785 2059 quam
811 2008 885 2047 ista
909 2007 1072 2046 confusa
1097 2020 1168 2045 no-

119 2060 235 2104 tione,
257 2061 359 2110 quod
380 2061 470 2099 cum
491 2076 668 2100 excessus
687 2063 901 2111 ponderum
922 2063 963 2098 in
984 2061 1168 2112 longiori-

120 2114 192 2150 bus
210 2115 385 2152 cruribus
404 2115 665 2164 sphaeroideon
687 2116 879 2165 pendeant
899 2128 945 2153 ex
964 2114 1166 2165 inaequali-

120 2173 198 2203 tate
226 2179 395 2213 crurum,
425 2169 503 2206 sive
522 2171 569 2206 ab
589 2182 747 2207 excessu
769 2170 887 2207 unius
905 2168 1027 2206 cruriS
1051 2180 1168 2217 supra

118 2219 296 2261 alterum,
327 2221 414 2258 ideo
439 2224 604 2259 rationes
623 2236 849 2261 excessuum
869 2234 1027 2260 crurum
1046 2223 1168 2272 majo-

118 2284 205 2308 rum
225 2273 274 2310 ad
294 2276 444 2312 minora
462 2288 573 2313 crura
597 2276 741 2314 eaedem
762 2289 843 2314 esse
861 2274 1027 2313 debeant
1044 2287 1089 2312 ac
1107 2288 1166 2312 ra-

118 2325 242 2363 tiones
270 2339 496 2365 excessuum
525 2329 741 2377 ponderum
768 2329 818 2367 ad
844 2328 1016 2378 pondera
1040 2328 1166 2365 mino-

117 2390 206 2415 rum
225 2392 406 2427 crurum;
428 2395 516 2431 quae
535 2383 692 2433 quidem
712 2383 861 2420 ultimae
881 2382 1047 2420 rationes
1069 2382 1167 2433 (sive

117 2430 208 2479 ipsis
233 2433 417 2481 proximae
442 2436 608 2473 rationes
633 2449 862 2474 excessuum
882 2435 1098 2484 ponderum
1117 2434 1168 2473 ad

117 2485 287 2532 pondera
306 2488 498 2538 majorum
520 2490 697 2539 crurum)
725 2496 929 2539 aequantur
953 2488 1167 2526 rationibus

118 2538 258 2575 virium
278 2541 581 2591 centrifugarum
600 2543 649 2580 ad
667 2544 893 2593 gravitatem
913 2550 1045 2586 totam,
1076 2542 1167 2592 quia

117 2589 195 2627 illae
226 2593 325 2629 vires
356 2596 581 2646 centrifugae
615 2609 661 2633 ex
681 2596 868 2647 gravitate
895 2595 1075 2633 detractae
1102 2608 1168 2633 eos

117 2655 293 2682 excessus
324 2648 540 2695 ponderum
568 2649 743 2687 accurate
764 2658 1025 2698 compensant.
1089 2648 1166 2686 Sed

117 2698 212 2734 mihi
228 2698 377 2737 videtur
391 2701 516 2749 ipsum
539 2702 740 2740 deduxisse
757 2704 858 2741 hanc
877 2702 1164 2751 proportionem

119 2761 166 2787 ex
192 2749 276 2800 ipsa
302 2754 399 2791 serie
426 2757 473 2791 ab
501 2755 584 2804 ipso
610 2756 791 2802 adhibita,
822 2765 859 2794 et
878 2769 993 2806 quam
1014 2755 1165 2805 assequi

118 2815 254 2842 sumus
272 2807 396 2844 conati
417 2808 457 2844 in
478 2818 569 2845 nota
590 2809 642 2858 (¹)
664 2808 861 2858 proximiu
883 2809 988 2858 quod
1008 2817 1052 2846 u‘t
1071 2821 1164 2846 con-

118 2856 292 2905 cipiatur,
321 2870 566 2899 resumantur
589 2874 674 2911 quae
696 2863 736 2899 in
756 2860 802 2900 ea
821 2861 914 2900 nota
933 2862 1034 2900 dicta
1059 2869 1163 2908 sunt,

118 2917 158 2947 et
192 2911 241 2948 ad
285 2913 530 2951 ratiocinium
575 2916 876 2953 Newtonianum
908 2915 1164 2964 applicentur,

119 2966 372 3012 supponendo
385 2968 638 3017 quaestionem
659 2982 739 3006 esse
758 2969 805 3006 de
824 2968 978 3006 duobus
997 2969 1165 3016 sphaero-

120 3015 257 3064 idibus,
294 3032 460 3070 quorum
485 3034 588 3060 unus
607 3022 655 3059 sit
673 3023 939 3070 assumptitius
962 3021 1028 3059 ille
1055 3022 1166 3072 cujus

119 3080 209 3106 axes
244 3080 335 3110 sunt
372 3080 417 3111 ut
459 3079 527 3112 101
568 3075 617 3113 ad
654 3080 729 3113 loo
761 3075 926 3113 alterum
959 3073 1049 3113 vero
1084 3075 1167 3124 ipsa

123 3121 255 3169 Terra,
287 3125 340 3163 ita
371 3135 417 3163 ut
445 3128 745 3166 semi-diameter
777 3128 980 3178 aequatoris
1008 3141 1096 3179 quae
1124 3128 1166 3165 in

122 3174 332 3222 sphaeroide
349 3178 484 3218 fictitio
503 3182 544 3218 in
562 3180 655 3219 nota
672 3180 856 3230 praedicta
873 3194 939 3231 per
953 3194 973 3219 r
986 3181 1165 3232 designa-

121 3227 245 3287 batur,
278 3230 409 3269 Terrae
437 3242 611 3281 respectu
641 3234 866 3285 designetur
895 3248 963 3284 per
991 3252 1023 3288 ρ,
1050 3235 1165 3272 semi-

121 3292 205 3317 axis
223 3280 312 3321 vero
333 3284 368 3321 P
390 3286 432 3329 Q
447 3288 512 3336 qui
534 3287 574 3324 in
593 3288 689 3325 serie
708 3287 906 3338 assumpta
933 3288 1060 3326 dictus
1078 3289 1164 3325 fue»-

121 3339 181 3394 rat
208 3334 234 3371 b
262 3341 301 3373 et
327 3338 539 3386 applicatus
566 3340 703 3379 fictitio
731 3341 947 3390 sphaeroidi,
981 3341 1049 3379 ubi
1075 3339 1166 3379 verd

121 3397 251 3434 ipsum
283 3389 509 3430 semi-axem
548 3393 679 3431 Terrae
710 3393 888 3446 designat
923 3395 1073 3433 dicatur
1112 3395 1161 3432 B.

125 3440 350 3488 Assumptis
378 3455 470 3494 ergo
498 3445 652 3485 duobus
680 3447 814 3497 primis
842 3448 1017 3487 terminis
1050 3447 1163 3485 serie-

121 3503 225 3537 rum,
247 3494 310 3531 sed
332 3498 488 3535 mutatis
505 3511 525 3535 r
542 3499 584 3536 in
602 3517 621 3554 ρ
640 3509 678 3538 et
696 3503 720 3539 b
738 3500 780 3538 in
803 3502 852 3547 B,
875 3501 943 3539 ubi
961 3509 1097 3552 agetur
1116 3501 1165 3538 de

124 3543 259 3607 Terra,
298 3547 354 3585 10.
392 3548 569 3590 Gravitas
598 3552 639 3590 in
663 3553 750 3591 loco
779 3555 821 3599 Q
842 3556 882 3593 in
908 3553 1165 3604 sphaeroidem

123 3606 195 3637 ent
226 3599 277 3638 ad
304 3602 532 3653 gravitatem
560 3605 603 3643 in
630 3606 767 3645 eodem
796 3608 883 3646 loco
901 3609 944 3646 in
975 3609 1166 3657 sphaeram

708 3661 1168 3732 6br—4b2ad?—b

122 3685 231 3726 radio
255 3688 282 3725 b
308 3687 538 3738 descriptam
557 3691 629 3729 erit
645 3698 691 3728 ut
826 3732 850 3763 8
869 3739 890 3763 r
1125 3732 1149 3763 3

32 3799 33 3802 =
85 3801 92 3824 .-
123 3778 166 3813 et
181 3772 214 3814 si
230 3783 369 3829 agatur
384 3775 434 3817 de
454 3774 589 3825 Terra,
609 3777 775 3829 gravitas
792 3779 834 3817 in
852 3778 938 3818 loco
956 3780 998 3825 Q
1012 3780 1053 3817 in
1070 3780 1167 3818 Ter.-

327 772 390 841 (2)
439 771 510 823 Et
550 780 830 839 propterea
872 768 1006 831 dico,
1054 768 1341 821 secundum
1384 767 1620 840 regulam
1664 787 1890 834 auream,
1937 770 2080 841 quod
2119 772 2163 823 si
2206 773 2284 825 vis

1229 951 1314 978 ram
1341 939 1414 978 erit
1443 937 1494 977 ad
1520 938 1750 991 gravitatem
1768 939 1810 977 in
1827 939 1965 978 eodem
1992 940 2079 981 loco
2097 942 2138 980 in
2157 943 2281 992 sphae-

1229 1038 1313 1064 ram
1330 1038 1419 1077 quae
1437 1025 1545 1064 radio
1567 1026 1603 1064 B
1624 1024 1862 1065 describetur
1879 1032 1925 1064 ut
1937 995 2286 1059 Q

2079 1065 2105 1098 5
2123 1079 2143 1115 e

1227 1145 1279 1183 ad
1298 1113 1373 1217 2313
1390 1160 1402 1194 ;
1430 1142 1598 1196 ideoque
1617 1144 1784 1185 rationes
1801 1143 2000 1200 gravitatis
2018 1144 2059 1183 in
2077 1146 2165 1186 loco
2182 1150 2223 1195 Q
2238 1148 2281 1187 in

1228 1233 1483 1281 sphaeroidem
1510 1232 1573 1272 vel
1592 1232 1754 1271 Terram
1772 1230 1823 1269 ad
1848 1231 2077 1283 gravitatem
2095 1233 2136 1271 in
2155 1236 2280 1284 sphae-

2056 1292 2083 1324 5
2101 1300 2121 1323 r
2138 1311 2191 1318 —
2212 1294 2236 1326 2
2256 1291 2282 1327 b

1228 1330 1289 1356 ras
1306 1320 1423 1359 radiis
1441 1322 1467 1359 b
1485 1328 1524 1359 et
1554 1320 1591 1358 B
1620 1319 1829 1369 descriptas
1847 1326 1963 1358 erunt
1983 1326 2030 1358 ut
2161 1365 2183 1389 r

1292 1409 1532 1459 53—213

1225 1436 1276 1475 ad

1225 1536 1314 1561 rum
1333 1534 1424 1563 sunt
1442 1527 1538 1565 radii
1557 1528 1582 1565 b
1602 1535 1640 1564 et
1662 1527 1697 1564 B
1713 1533 1770 1563 est
1788 1525 1837 1562 ad
1856 1524 2083 1575 gravitatem
2098 1524 2139 1561 in
2154 1526 2278 1574 sphae-

1224 1590 1285 1616 ras
1303 1577 1420 1616 radiis
1443 1581 1481 1618 A
1506 1581 1539 1619 C
1557 1580 1765 1629 descriptas
1783 1586 1829 1616 ut
1846 1578 1978 1615 radius
2002 1579 2027 1615 b
2045 1577 2094 1615 ad
2114 1590 2143 1621 r,
2173 1586 2212 1615 et
2241 1579 2276 1615 B

1225 1631 1273 1668 ad
1293 1649 1325 1684 g,
1347 1631 1513 1683 ideoque
1532 1633 1700 1671 rationes
1714 1631 1910 1683 gravitatis
1924 1633 1966 1668 in
1981 1632 2148 1679 sphaeras
2162 1631 2280 1668 radiis

1227 1684 1264 1722 P
1287 1686 1328 1730 Q
1355 1685 1564 1737 descriptas
1595 1686 1645 1725 ad
1676 1686 1882 1736 gravitates
1909 1685 1951 1722 in
1980 1686 2146 1733 sphaeras
2164 1685 2282 1722 radiis

1774 1740 1799 1776 b
1906 1739 1940 1777 B

1230 1770 1268 1808 A
1287 1772 1320 1810 C
1340 1771 1550 1824 descriptas
1569 1781 1683 1812 erunt
1698 1780 1743 1811 ut
1763 1794 1812 1842 Τ
1831 1771 1881 1810 ad
1901 1794 1953 1810 -.

1280 1857 1340 1897 30.
1370 1859 1548 1899 Gravitas
1565 1864 1607 1900 in
1627 1862 1794 1910 sphaeras
1812 1857 1931 1896 radiis
1953 1858 1990 1895 A
2017 1859 2049 1896 C
2070 1858 2280 1908 descriptas

1224 1918 1282 1949 est
1309 1913 1357 1950 ad
1385 1915 1611 1965 gravitatem
1633 1917 1674 1953 in
1694 1912 1914 1962 ellipsoides
1932 1911 2205 1951 convolutione
2225 1915 2279 1950 el-

2218 1972 2241 2003 2
2261 1980 2281 2003 r

1223 1997 1381 2047 lipsium
1412 2002 1450 2038 A
1473 2003 1506 2040 Ρ
1530 2004 1563 2041 Β
1589 2004 1630 2048 Q
1655 2002 1755 2039 circa
1787 2000 1823 2037 A
1844 2000 1876 2039 C
1905 1999 2112 2046 descriptas
2144 2006 2190 2036 ut
2218 2021 2277 2071 ἶ-

1534 1467 1544 1478 .
1605 1440 1666 1479 20.
1704 1438 1883 1478 Gravitas
1913 1438 1956 1476 in
1989 1438 2156 1487 sphaeras
2183 1451 2278 1489 qua-

1290 2092 1314 2124 6
1333 2099 1353 2123 r
1371 2089 1395 2124 b
1409 2110 1463 2118 -
1483 2093 1507 2125 4
1526 2102 1545 2124 r
1563 2103 1583 2126 r
1635 2122 1644 2130 .
1959 2119 1968 2126 .
1990 2118 1999 2126 .
2202 2120 2211 2127 .

1582 2150 1593 2168 ‚
1615 2136 1646 2159 Sl
1665 2128 1804 2173 agatur
1822 2118 1870 2156 de
1890 2119 2026 2157 fictitio
2046 2119 2276 2167 sphaermde,

1221 2118 1272 2157 ad

1394 2159 1418 2190 5
1452 2157 1475 2190 b

1222 2247 1291 2278 aut
1308 2253 1326 2277 ι
1337 2247 1354 2277 t
1371 2211 1427 2310 2-3?
1447 2239 1499 2277 ad
1518 2209 1818 2311 ἒ-ρ-Ῑ-ζό-Ξ--Λιρέ
1838 2240 1906 2277 ubi
1918 2238 2047 2290 agitur
2061 2238 2110 2276 de
2128 2238 2270 2278 Terra:

1222 2334 1260 2364 et
1278 2326 1462 2377 quoniam
1482 2327 1658 2364 attractio
1678 2325 1902 2375 sphaeroidis
1913 2325 2037 2363 fictitii
2058 2332 2126 2363 aut
2143 2325 2275 2362 Terrae

1221 2387 1280 2418 est
1309 2380 1438 2416 media
1469 2379 1764 2429 proportionalis
1791 2379 1891 2417 inter
1918 2381 1987 2416 has
2016 2379 2273 2424 attractiones,

1221 2433 1294 2471 erit
1320 2433 1486 2482 gravitas
1513 2434 1556 2470 in
1583 2434 1775 2482 sphaeram
1794 2431 1841 2469 ad
1862 2434 2088 2480 gravitatem
2110 2433 2151 2469 in
2174 2433 2211 2469 A
2233 2432 2274 2469 in

1372 2532 1382 2541 .
1624 2504 1649 2538 ‘2
1663 2513 1682 2537 r
1838 2487 2142 2538 ’ἐ-τῡ--ιῐῖῗ

1220 2531 1487 2585 §pheax-uidem,
1506 2541 1551 2573 ut
1564 2534 1672 2605 M}-
1700 2532 1750 2571 ad
1772 2534 1823 2582 μ
1947 2563 2017 2600 5'b
2138 2538 2174 2567 et
2190 2543 2278 2579 gm-

1221 2616 1318 2655 vitas
1349 2618 1390 2655 in
1419 2619 1607 2668 sphaeram
1629 2617 1679 2655 ad
1702 2615 1929 2667 gravitatem
1961 2628 2049 2664 quae
2078 2623 2135 2654 est
2161 2615 2203 2652 in
2232 2615 2272 2652 A

1222 2704 1383 2742 Terram
1410 2706 1532 2755 ipsam
1560 2711 1605 2742 ut
1631 2706 1684 2753 4!
1707 2676 1767 2774 ἒξ
1787 2702 1836 2740 ad
1857 2703 1909 2750 «Ι
1935 2673 1958 2706 6
1983 2687 1999 2705 ⁰
2030 2670 2065 2707 B
2087 2674 2224 2728 ’ἐξ
2237 2688 2270 2746 4¹,

1982 2706 1996 2721 b

1933 2724 2154 2770 *⁴.-3*,B„

1218 2789 1384 2840 ideoque
1403 2791 1568 2829 rationes
1592 2790 1825 2841 gravitatum
1854 2789 1895 2824 in
1915 2787 2081 2834 sphaeras
2109 2785 2158 2823 ad
2183 2798 2271 2836 gra-

1219 2844 1354 2881 vitates
1384 2845 1427 2881 in
1458 2844 1710 2892 sphaeroidem
1744 2850 1782 2880 et
1815 2842 1856 2878 in
1892 2842 2053 2878 Terram
2086 2848 2200 2877 erunt
2228 2846 2272 2876 ut

1402 2910 1426 2944 b
1815 2909 1845 2944 B

1221 2940 1947 3021 Vah—aradffsss—‘zg

1219 3024 1390 3064 tionibus
1408 3026 1457 3063 ad
1476 3025 1658 3063 minimos
1676 3025 1873 3062 terminos.

1278 3080 1389 3117 Hinc
1416 3079 1576 3117 tandem
1595 3077 1816 3127 compositis
1834 3075 2017 3114 omnibus
2044 3072 2270 3120 rationibus,

1219 3132 1388 3171 rationes
1414 3133 1661 3183 gravitatum,
1692 3133 1733 3168 in
1753 3130 1907 3180 punctis
1931 3129 1970 3173 Q
1988 3136 2067 3165 tam
2087 3126 2271 3174 sphaeroi-

1220 3185 1313 3224 deos
1331 3186 1456 3225 fictitii
1474 3184 1594 3236 quam
1616 3186 1759 3230 Terrae,
1788 3183 1836 3220 ad
1862 3181 2068 3233 gravitates
2085 3179 2127 3216 in
2146 3192 2270 3227 punc-

1872 3236 2012 3271 -2b
2141 3234 2168 3270 b

1791 3241 1915 3350 δῖε
2051 3269 2266 3334 χῖχ

1398 3374 1423 3408 b
1610 3375 1633 3407 3
1649 3386 1667 3420 ρ
1686 3390 1738 3398 -
1758 3371 1783 3404 2
1801 3367 1836 3404 Β
1917 3366 1953 3403 Β
2140 3366 2174 3400 Β

1302 3403 1591 3474 sb—erad
1715 3449 1734 3484 ς
1858 3399 2260 3484 χῖνειΒ-κς

1276 3489 1430 3526 Rursus
1457 3490 1497 3526 in
1517 3486 1652 3526 fictitio
1680 3483 1894 3533 sphaeroide
1915 3483 2013 3523 ratio
2031 3483 2271 3534 magnitudi-

1859 3539 1885 3575 b

1220 3573 1282 3612 nis
1310 3586 1470 3614 crurum
1502 3571 1731 3622 exprimitur
1760 3583 1828 3620 per
1848 3592 1898 3640 ἶ
1916 3577 1956 3609 et
1980 3570 2021 3607 in
2045 3568 2168 3608 Terra
2203 3581 2272 3619 per

1226 3659 1301 3740 -1—3;
1330 3704 1398 3740 per
1418 3704 1514 3743 quas
1533 3689 1765 3741 quantitates
1783 3689 1977 3728 ducantur
1994 3687 2161 3726 rationes
2185 3699 2273 3737 grac

1974 2934 2144 2974 reductis
2171 2934 2270 2972 frac-

1218 3272 1268 3310 tis
1307 3272 1347 3309 A
1384 3285 1520 3311 eorum
1556 3278 1671 3309 erunt
1705 3278 1752 3306 ut

1219 3404 1274 3454 4!

1226 3777 1366 3824 vitatis,
1403 3785 1442 3816 ct
1465 3778 1711 3815 habebuntur
1741 3775 1910 3815 rationes
1936 3773 2156 3825 ponderum
2186 3784 2276 3822 quae

1155 3850 1237 3889 G5
