2528 4172
715 258 817 310 ET
856 254 1279 309 REFLUXUS
1320 253 1585 306 MARIS.
1653 291 1655 294 ψ
2115 264 2217 315 237

19 434 26 443 ·
59 401 379 455 macularum
416 402 559 456 Jovis
597 402 664 455 ab
699 400 1007 453 astronomis
1045 398 1341 449 observatas
1379 397 1502 449 hinc
1534 394 1708 467 aliqua
1744 395 1927 448 saltem
1960 415 2026 448 ex
2061 411 2213 467 parte

8 2671 10 2673 ·
52 2647 220 2715 petuis
264 2648 489 2699 motibus
529 2648 767 2717 agitatur.
886 2650 1252 2717 Supponamus
1307 2651 1482 2703 Solem
1531 2660 1584 2704 et

0 2762 1 2765 ¹
36 2722 260 2787 *Lunam
305 2738 606 2805 conjunctos
646 2738 729 2788 vel
773 2739 1037 2806 oppositos
1081 2742 1273 2791 versari
1320 2741 1374 2791 in
1422 2742 1581 2810 plano

35 2998 201 3073 'aquae
227 3004 388 3056 moles
414 3006 695 3059 revolvitur
727 3018 872 3060 motu
910 3008 1114 3073 diurno,
1155 3020 1412 3082 augentur
1445 3012 1578 3063 vires

61 504 231 544 ortum
269 493 483 556 ducere3
524 492 664 563 quod
697 493 741 544 si
769 492 853 542 hae
883 491 1195 542 mutationes
1222 507 1336 540 eam
1362 489 1657 559 analogiam
1690 507 1902 541 servare
1923 488 2216 558 deprehen-

60 583 249 634 dantur
288 601 405 634 cum
444 582 732 651 aspectibus
775 580 1066 641 satellitum,
1110 596 1265 648 quam
1301 577 1417 628 haec
1453 577 1691 628 doctrina
1724 577 1968 646 postulat,
2016 579 2212 632 indicio

58 674 156 726 erit
198 692 371 724 veram
414 690 592 723 earum
633 688 840 723 causam
872 668 994 720 hinc
1029 687 1139 720 esse
1176 666 1472 737 petendam.
1552 666 1638 718 Ex
1675 665 1775 718 hac
1814 667 2049 718 doctrina
2090 669 2213 721 licet

58 785 262 837 quoque
288 765 540 834 conjicere
564 783 670 816 non
694 765 889 833 absque
914 762 1147 824 utilitate,
1188 771 1359 812 motus
1386 758 1666 811 satellitum
1693 759 1833 810 circa
1858 778 1983 811 axes
2011 779 2132 812 suos
2160 772 2212 814 et

57 855 193 906 circa
232 854 504 922 primarios
542 854 613 905 ita
643 852 955 920 compositos
990 870 1101 902 esse
1133 860 1189 904 ut
1219 850 1358 901 idem
1383 848 1794 917 hemispherium
1815 850 1921 901 suis
1946 851 2207 919 primariis

58 964 259 1015 semper
296 945 585 1007 ostendant,
626 944 912 997 secundum
949 944 1255 996 sententiam
1293 942 1454 994 celeb.
1497 951 1934 995 astronomorum.
2011 945 2209 998 Verisi-

55 1037 177 1089 mile
212 1037 349 1088 enim
385 1046 462 1088 est
498 1045 669 1087 motus
693 1035 849 1086 maris
874 1035 1060 1086 nimios
1086 1036 1140 1085 in
1166 1033 1471 1085 satellitibus
1497 1032 1622 1084 cieri
1647 1033 1844 1097 deberi,
1886 1035 1929 1086 si
1964 1053 2078 1088 cum
2109 1037 2209 1089 alia

55 1128 232 1198 quavis
269 1127 537 1179 velocitate
575 1128 710 1179 circa
749 1146 871 1179 axes
910 1145 1029 1178 suos
1066 1111 1483 1187 revolverentur;
1523 1126 1669 1196 aquis
1696 1136 1871 1178 autem
1905 1128 1960 1178 in
1989 1128 2071 1180 his
2099 1130 2209 1200 agi-

55 1218 222 1271 tandis
251 1219 314 1287 (si
341 1235 457 1288 quae
483 1218 604 1283 sint)
634 1217 867 1269 sufficere
891 1226 1111 1287 possunt
1138 1225 1295 1268 aestus
1323 1234 1390 1267 ex
1416 1216 1571 1268 variis
1599 1216 1879 1269 satellitum
1905 1218 2160 1271 distantiis
2178 1239 2209 1271 a

56 1310 159 1363 suis
185 1311 443 1380 primariis
469 1309 721 1363 oriundis-

903 1522 1211 1584 SECTIO
1258 1523 1370 1583 IV.

138 1682 224 1731 De
247 1688 378 1731 motu
403 1680 556 1730 maris
581 1676 821 1746 qudtenus
845 1696 906 1728 ex
931 1687 1062 1730 motu
1095 1678 1313 1729 Telluris
1336 1679 1520 1730 diurno
1545 1679 1725 1731 aliisve
1752 1680 1813 1730 de
1838 1681 1999 1731 causis
2026 1681 2117 1730 im-

1015 1778 1249 1821 mutatur.

127 1931 463 1985 Ostendimus
498 1932 552 1983 in
590 1932 828 1984 Sectione
861 1932 1179 2001 praecedenti
1215 1933 1443 1984 Terram
1467 1933 1685 1984 fluidam
1712 1931 1891 1985 versus
1921 1933 2097 1986 Solem
2122 1933 2207 1985 vel

54 2022 262 2074 Lunam
298 2022 584 2091 inaeqaliter
621 2040 832 2092 gravem
871 2022 1179 2090 sphaeroidis
1206 2023 1449 2095 oblongae
1475 2023 1702 2093 figuram
1740 2025 1957 2077 induere
1984 2025 2204 2085 debere3

54 2111 195 2178 cujus
232 2110 342 2160 axis
381 2119 701 2161 transversus
735 2128 829 2177 per
867 2122 1102 2162 centrum
1133 2111 1401 2162 luminaris
1439 2120 1581 2162 tran-

60 2198 196 2260 siret,
241 2199 284 2249 si
324 2198 493 2249 Terra
536 2217 643 2249 non
682 2199 1032 2251 revolveretur
1067 2199 1203 2251 circa
1233 2218 1384 2250 axem
1434 2217 1585 2251 suum
1954 2186 2009 2232 (ἃ

0 2277 2 2281 *
53 2298 198 2338 motu
219 2287 407 2339 diurno
422 2308 435 2350 3
475 2298 526 2340 et
546 2308 815 2340 ascensum
841 2308 990 2359 aquae
1016 2290 1069 2339 in
1095 2288 1371 2358 hypothesi
1397 2289 1582 2341 Terrae

54 2378 361 2447 quiescentis
403 2397 469 2429 ex
499 2379 550 2429 vi
593 2378 727 2430 Solis
755 2379 1033 2430 oriundum
1058 2378 1401 2430 definivimus.
1476 2379 1583 2431 Ve-

52 2466 170 2519 rum
197 2468 263 2519 ob
290 2478 488 2519 motum
515 2468 697 2519 Terrae
724 2468 926 2520 diversa
951 2478 1027 2519 est
1052 2467 1184 2520 ratio
1214 2467 1370 2520 aestfis
1406 2469 1577 2520 maris.

56 2557 202 2609 Hinc
226 2558 364 2609 enim
389 2577 522 2627 aqua
545 2576 811 2628 nunquam
836 2559 897 2610 fit
921 2559 976 2609 in
1001 2560 1307 2630 aequilibrio,
1346 2560 1437 2611 sed
1459 2578 1581 2629 per-

51 2825 327 2894 aequatoris
355 2825 404 2875 A
427 2825 472 2876 Β
492 2844 522 2876 a
537 2826 600 2888 b3
628 2826 692 2877 sit
712 2826 763 2877 A
779 2845 810 2877 a
835 2826 1085 2879 diameter
1111 2848 1228 2898 quae
1252 2849 1347 2899 per
1371 2831 1579 2883 illorum

53 2927 230 2968 centra
280 2916 479 2979 transit,
534 2917 580 2968 B
618 2917 653 2968 b
702 2917 825 2969 huic
875 2919 1334 2988 perpendicularis.
1433 2921 1581 2973 Dum

55 3092 241 3161 quibus
268 3112 510 3148 ascensus
540 3097 649 3165 ejus
673 3107 1009 3165 promovetur
1040 3100 1095 3151 in
1124 3101 1345 3152 transitu
1370 3119 1519 3171 aquae
1549 3121 1580 3153 a

55 3179 179 3233 locis
206 3180 241 3233 b
265 3193 316 3234 et
337 3182 385 3236 Β
403 3185 470 3236 ad
498 3186 550 3238 A
573 3196 626 3238 et
651 3207 696 3249 a,
738 3197 789 3239 et
824 3189 878 3239 in
903 3188 985 3241 his
1009 3189 1135 3242 locis
1162 3191 1389 3243 evadunt
1412 3192 1579 3243 maxi-

54 3286 182 3333 mae3
223 3290 465 3337 ascensus
490 3284 663 3328 tamen
693 3296 843 3346 aquae
879 3280 1153 3350 prorogari
1181 3281 1402 3344 videtur,
1436 3291 1579 3350 post-

56 3360 209 3431 quam
236 3362 320 3414 hae
351 3366 484 3418 vires
517 3367 681 3419 minui
710 3381 979 3438 coeperunt
1017 3390 1180 3440 usque
1210 3371 1317 3423 fere
1356 3372 1424 3423 ad
1460 3372 1578 3423 loca

53 3450 145 3502 ubi
182 3450 267 3503 hae
304 3453 438 3505 vires
476 3456 811 3525 aequipollent
835 3459 1030 3510 viribus
1057 3459 1244 3528 quibus
1271 3460 1581 3529 deprimitur

52 3537 186 3591 infra
212 3540 534 3593 altitudinem
560 3563 715 3613 quam
739 3548 1043 3600 naturaliter
1069 3549 1342 3613 obtineret,
1372 3551 1414 3601 si
1439 3549 1582 3601 nulla

53 3628 106 3683 νὶ
154 3629 397 3682 extranea
443 3642 612 3684 motus
662 3653 809 3703 aquae
857 3638 1283 3705 pertuwbaretur
1269 3679 1283 3701 ,
1352 3639 1483 3692 adeo
1532 3649 1592 3692 ut

54 3729 223 3774 motus
260 3739 408 3790 aquae
445 3724 682 3776 consider
685 3726 761 3776 ari
785 3730 960 3796 possit
996 3739 1249 3800 tanquam
1299 3732 1613 3797 libratorius,
1657 3744 1708 3786 et
1749 3733 2055 3787 tantundem
2096 3728 2204 3783 fere

27 3864 28 3867 ,
55 3808 301 3865 ascendat
323 3811 516 3865 viribus
543 3814 730 3883 quibus
757 3817 988 3872 elevatur
1013 3821 1443 3888 decrescentibu5‚
1467 3842 1621 3895 quam
1639 3825 1824 3880 iisdem
1839 3822 2202 3879 crescentibus.

0 3930 21 3968 ,²1

94 3895 215 3940 Vox.
238 3898 332 3940 111.
1129 3917 1135 3922 ·
1197 3911 1225 3950 s

0 3966 21 3991 a.

12 4081 21 4095 ff
85 4084 88 4088 Α

0 3988 37 4172 ὲ
55 4128 57 4130 q
83 4107 99 4141 ’K
