2528 4172
149 271 280 324 Cap.
309 272 381 338 1.]
764 271 872 324 AD
913 268 1282 324 TERTIUM
1321 268 1649 323 LIBRUM.
2200 289 2270 322 xv

143 414 420 465 distabunt.
497 411 674 474 Quare
714 413 757 463 si
800 403 960 464 stellae
1000 414 1122 464 fixae
1164 414 1449 466 meridiano
1492 414 1673 466 vicinae
1714 411 1933 465 altitudo
1970 412 2272 462 observetur

142 501 316 554 versus
353 503 619 564 orientem,
648 509 700 553 et
736 500 922 552 deinde
958 502 1216 571 quadrans
1255 501 1392 554 circa
1428 503 1572 554 filum
1614 502 1856 555 verticale
1881 502 2151 552 immotum
2177 498 2272 551 ceu

142 591 278 644 circa
321 609 471 643 axem
511 599 838 641 convertatur
879 590 1057 641 versus
1102 591 1422 645 occidentem
1467 600 1519 642 et
1561 599 1862 659 expectetur
1911 589 2078 640 donec
2127 588 2274 640 stella

142 679 362 731 eandem
401 677 725 739 altitudinem
766 678 972 741 habeat,
1016 688 1157 732 recta
1194 699 1310 749 quae
1346 679 1582 732 bifariam
1620 681 1815 733 dividet
1853 679 2099 749 angulum
2141 678 2275 729 inter

144 769 270 821 duas
307 767 603 838 quadrantis
643 785 761 818 cum
797 766 1065 820 horizonte
1108 769 1496 822 intersectiones
1532 770 1976 839 comprehensum,
2017 768 2113 819 erit
2140 767 2275 818 linea

145 858 443 911 meridiana.

197 939 299 998 13.
339 944 491 998 Datis
530 964 624 1014 per
679 946 1060 1000 observationes
1103 950 1303 1002 duabus

140 1035 384 1105 ejusdem'
400 1034 559 1086 stellae
595 1052 859 1105 nunquam
884 1038 1161 1091 occidentis
1186 1039 1300 1091 alti-

142 1125 405 1180 tudinibus
438 1124 730 1183 meridlams
769 1126 807 1177 S
847 1126 913 1190 R,
943 1145 966 1178 s
1006 1128 1072 1191 R,
1112 1129 1301 1180 dantur
1483 1074 1787 1249 AE(

141 1216 249 1285 poli
294 1216 339 1268 P
381 1225 432 1267 et
473 1215 745 1284 aequatoris
786 1215 861 1267 AE
906 1216 958 1278 Q
1008 1218 1300 1271 altitudines
1492 1223 1519 1451 ἶ
1801 1294 1804 1297 ¹

143 1306 191 1359 P
230 1306 281 1357 R
316 1313 368 1356 et
410 1304 484 1356 AE
512 1305 572 1356 H
607 1323 761 1372 supra
795 1305 1114 1359 horizontem
1142 1308 1202 1359 H
1232 1309 1298 1362 R.

143 1394 282 1448 Nam
315 1394 445 1445 datis
483 1394 701 1445 arcubus
743 1395 779 1446 S
825 1395 875 1446 R
912 1405 963 1447 et
999 1415 1022 1447 s
1063 1398 1113 1449 R
1150 1398 1301 1451 datur

1402 1419 1429 1449 γ
1551 1442 1553 1444 ,
1587 1443 1608 1446 ,,
1796 1385 1846 1433 Τ

143 1504 321 1538 eorum
358 1484 645 1535 differentia
685 1484 721 1535 S
748 1502 798 1546 ες
837 1495 888 1537 et
923 1486 1042 1555 quia
1078 1488 1225 1539 stella
1264 1490 1302 1541 S
1373 1420 1823 1735 LV

144 1574 391 1626 circulum
434 1573 677 1625 describit
712 1575 959 1643 aequatori
996 1578 1298 1644 parallelum

145 1664 221 1734 (3)
267 1664 410 1732 cujus
452 1662 497 1714 P
533 1672 609 1714 est
643 1662 808 1731 polu5,
849 1665 945 1716 erit
980 1667 1016 1718 S
1044 1666 1150 1718 P=
1178 1688 1201 1720 s
1223 1669 1300 1731 P3
1500 1728 1546 1781 P

146 1752 283 1818 unde
322 1752 472 1803 datur
519 1751 562 1802 P
605 1771 644 1815 S,
691 1754 772 1804 cui
815 1754 857 1805 si
906 1756 1124 1808 addatur
1167 1778 1190 1810 s
1232 1760 1298 1822 R,

144 1841 415 1893 habebitur
440 1859 588 1892 arcus
617 1841 661 1893 P
689 1842 736 1894 R
765 1843 980 1896 altitudo
1012 1849 1133 1914 poli.
1211 1850 1307 1902 Est

148 1939 319 1982 autem
341 1928 401 1981 H
428 1929 501 1981 AE
522 1930 732 2000 aequalis
758 1933 900 1983 arcui
927 1935 969 1985 Z
999 1936 1043 1987 P
1063 1955 1152 1988 seu
1171 1937 1553 2008 complemento
1573 1939 1855 1992 altitudinis
1873 1937 1981 2007 poli
2000 1936 2067 1987 ad
2083 1944 2280 1987 rectum

146 2022 283 2091 (10),
310 2021 461 2073 datur
485 2020 615 2092 ergo
643 2022 704 2073 H
724 2022 796 2074 ΖΕ
823 2023 1038 2078 altitudo
1064 2030 1353 2098 aequatoris.

176 2172 181 2177 .
226 2118 307 2162 14.
346 2109 486 2162 Data
513 2111 671 2161 stellae
701 2112 738 2164 S
764 2112 1030 2166 altitudine
1063 2118 1345 2170 meridiana
1377 2120 1414 2172 S
1448 2121 1497 2172 R
1524 2139 1641 2172 cum
1672 2117 1946 2189 aequaooris
1971 2116 2052 2167 vel
2077 2115 2181 2183 poli
2208 2114 2281 2163 al-

145 2200 383 2264 titudine,
412 2201 564 2252 datur
588 2201 723 2253 illius
749 2202 1024 2256 declinatio
1061 2208 1097 2260 S
1134 2208 1238 2269 AE3
1279 2220 1357 2261 est
1388 2212 1530 2262 enim
1557 2230 1706 2262 arcus
1737 2212 1773 2262 S
1801 2210 1873 2261 ΖΕ
1901 2207 2110 2278 aequalis
2137 2204 2281 2257 diffe-

149 2289 330 2343 rentiae
354 2307 565 2341 arcuum
592 2290 664 2341 AE
693 2291 738 2342 P
766 2292 815 2343 R
842 2303 893 2344 et
921 2295 957 2346 S
987 2296 1053 2347 R.
1138 2297 1224 2350 Sic
1244 2299 1418 2350 obser-

153 2380 326 2433 vando
344 2379 572 2449 quotidie
592 2381 913 2434 altitudinem
932 2385 1269 2438 meridianam
1296 2407 1414 2441 cen-

152 2471 219 2524 tri
264 2469 397 2523 Solis
434 2479 486 2522 et
521 2470 643 2522 inde
670 2473 898 2524 eruendo
924 2474 1083 2542 ipsius
1109 2476 1415 2530 declinatio—

152 2579 289 2624 nem,
317 2561 712 2613 determinatum
738 2572 816 2614 est
840 2564 1053 2632 planum
1089 2566 1338 2636 eclipticae
1365 2578 1416 2620 et

156 2653 261 2721 ejus
286 2652 352 2703 ad
374 2661 687 2722 aequatorem
710 2650 972 2705 inclinatio
997 2674 1084 2707 seu
1105 2658 1330 2709 maxima
1352 2659 1417 2709 ab

157 2751 419 2812 aequatore
458 2741 732 2793 declinatio
772 2761 887 2813 quae
922 2745 1131 2798 inventa
1181 2757 1258 2799 est
1314 2753 1415 2815 233

163 2832 309 2903 grad.
341 2841 428 2883 aut
461 2831 629 2882 verius
655 2838 759 2883 23⁰.
788 2837 887 2886 29'.
979 2834 1118 2888 Data
1145 2846 1316 2888 autem
1340 2838 1419 2889 in-

160 2921 433 2972 clinatione
460 2920 709 2989 eclipticae
734 2921 802 2973 ad
827 2934 1140 2993 aequatorem
1162 2945 1280 2978 cum
1300 2929 1420 2981 solis

159 3010 513 3073 declinatione,
556 3010 708 3062 datur
745 3014 973 3085 ascensio
1008 3026 1148 3068 recta
1184 3019 1317 3070 Solis
1355 3039 1416 3071 ac

157 3098 440 3168 longitudo.
507 3098 584 3150 Sit
608 3099 746 3151 enim
775 3100 817 3152 P
842 3083 991 3170 polus
1017 3106 1213 3169 mundi,
1243 3117 1294 3155 ‘Y‘
1324 3108 1397 3160 AE
1423 3120 1476 3141 Λ
1504 3109 1751 3179 aequator‚
1781 3115 1830 3152 ‘V'
1862 3106 1908 3157 L
1946 3117 1998 3146 ἑ·-
2037 3101 2285 3170 ecliptica,

160 3195 212 3238 et
247 3186 292 3237 Ρ
318 3186 367 3237 L
393 3185 481 3249 AE,
522 3186 700 3238 circuli
737 3189 993 3257 quadrans
1030 3196 1280 3263 aequatori
1317 3194 1800 3265 perpendicularis
1788 3212 1843 3244 1n
1872 3192 1963 3254 AE,
2004 3200 2055 3241 et
2080 3189 2210 3241 datis
2236 3188 2289 3241 in

161 3272 416 3344 triangulo
451 3273 707 3342 sphaerico
746 3276 820 3328 AE
862 3287 912 3325 ‘V'
954 3280 1002 3331 L
1045 3284 1345 3354 rectangulo
1380 3284 1433 3335 in
1473 3284 1563 3347 AE,
1615 3284 1773 3334 latere
1818 3299 1907 3331 seu
1947 3278 2296 3330 declinatione-

165 3359 299 3414 Solis
324 3364 379 3445 L
398 3364 487 3428 AE,
515 3375 567 3417 et
591 3367 781 3438 angulo
808 3368 881 3420 ΖΕ
909 3379 959 3417 ‘v‘
992 3372 1053 3434 L,
1095 3379 1183 3425 23⁰
1221 3378 1323 3436 29',
1352 3374 1540 3426 dantur
1565 3374 1697 3424 latus
1723 3381 1773 3417 ‘V'
1804 3370 1877 3421 ΖΕ
1903 3369 2132 3421 ascensio
2152 3379 2291 3420 recta

166 3452 327 3514 solis(
343 3470 433 3504 seu
467 3456 648 3534 puncti
687 3457 751 3520 L,
781 3469 832 3511 et
855 3460 988 3513 latus
1015 3471 1065 3509 ‘v‘
1096 3464 1144 3515 L
1171 3465 1312 3534 quod
1339 3475 1415 3517 est
1441 3464 1669 3534 ejusdem
1693 3461 1981 3534 longitUdO,
2010 3459 2116 3512 imo
2141 3460 2293 3511 datur

170 3541 323 3593 etiam
350 3543 565 3612 angulus
594 3544 664 3596 AE
693 3547 740 3598 L
768 3558 837 3612 (ν’,
875 3569 1027 3628 quem
1060 3554 1281 3606 circulus
1320 3542 1675 3606 declinationis
1702 3554 1855 3605 efficit
1882 3571 1999 3604 cum
2026 3549 2291 3620 ecliptica3

175 3627 310 3682 Cum
345 3628 467 3680 vero
491 3640 691 3699 ‘piaeter
729 3640 975 3710 angulum
1003 3641 1074 3693 AE
1103 3653 1153 3689 ‘V‘
1184 3644 1247 3707 L,
1288 3644 1408 3695 data
1438 3644 1591 3695 fuerit
1615 3644 1886 3715 longitudo
1912 3653 1962 3691 ‘Y'
1994 3643 2059 3706 L,
2089 3641 2295 3694 dabltur

169 3730 280 3772 tum
307 3730 357 3769 ‘Y'
388 3720 460 3772 ΖΕ
487 3725 716 3776 ascensio
741 3739 896 3793 recta,
925 3742 1033 3783 tum
1062 3733 1134 3784 ΖΕ
1164 3733 1228 3801 L,
1257 3733 1544 3785 declinatio.
