2528 4172
627 264 943 319 FLUXUS
979 263 1082 316 AC
1114 257 1537 315 REFLUXUS
1576 258 1840 312 MARIS.
2163 266 2267 319 277

796 565 1083 626 CAPUT
1127 565 1590 637 QUARTUM.

263 760 364 818 De
390 762 584 819 Fluxa
612 781 678 819 ac
705 763 956 839 Rqfluoezc
986 764 1190 823 Maris
1217 764 1268 821 si
1293 782 1442 842 aqua
1472 763 1620 822 omni
1656 763 1866 822 inertia?
1891 773 2129 823 careret.

128 969 169 1032 ยง.
207 973 292 1018 46.
354 943 534 1037 QUAE
572 965 626 1016 in
665 963 848 1032 Capite
884 963 1212 1033 praecedente
1248 973 1369 1015 sunt
1406 963 1595 1016 tradita
1631 964 1914 1033 respiciunt
1952 965 2263 1035 hypothesin

129 1065 424 1121 assumtam,
453 1055 554 1127 qua
583 1055 760 1107 Solem
786 1073 846 1106 ac
873 1054 1079 1106 Lunam
1103 1063 1342 1123 respectu
1369 1053 1554 1105 Terrae
1586 1052 1838 1122 perpetuo
1863 1054 2084 1106 eundem
2111 1056 2264 1107 situm

126 1156 300 1199 tenere
323 1148 588 1217 posuimus
604 1166 618 1208 3
658 1146 834 1216 ibique
869 1145 1131 1216 praecipue
1168 1156 1357 1199 statum
1390 1146 1683 1217 aequilibrii,
1711 1147 1778 1198 ad
1805 1166 1959 1217 quem
1986 1167 2208 1200 oceanus
2234 1168 2264 1199 a

123 1235 317 1287 viribus
348 1236 480 1289 Solis
507 1246 559 1287 et
585 1236 753 1287 Lunae
789 1235 1119 1304 perducatur,
1158 1236 1627 1289 determinavimus,
1704 1236 1891 1308 Longe
1918 1237 2065 1289 aliter
2091 1248 2262 1288 autem

123 1345 178 1378 se
203 1345 285 1378 res
310 1326 485 1390 habet,
515 1327 556 1378 si
581 1336 688 1378 tam
716 1326 869 1378 Luna
894 1336 945 1378 et
974 1327 1065 1379 Sol
1102 1325 1255 1397 quam
1284 1328 1454 1380 Terra
1477 1328 1531 1379 in
1556 1338 1755 1380 motum
1781 1329 2118 1391 collocentur,
2158 1348 2263 1398 quo

122 1435 244 1468 casu
270 1417 338 1468 ob
361 1426 666 1487 perpetuam
691 1416 817 1469 situs
842 1417 1041 1469 relativi
1065 1418 1402 1470 mutationem
1426 1436 1693 1488 nunquam
1711 1418 2060 1488 aequilibrium
2080 1418 2260 1471 adesse

119 1508 336 1576 poterit3
375 1506 493 1558 cum
532 1507 668 1559 enirn
704 1516 937 1575 tempore
973 1525 1104 1576 opus
1141 1507 1221 1571 sit,
1258 1525 1362 1577 quo
1387 1507 1509 1559 data
1533 1508 1610 1559 vis
1635 1507 1814 1559 datum
1841 1526 2029 1576 corpus
2055 1516 2123 1559 ad
2147 1526 2261 1559 mo-

120 1604 232 1646 tum
267 1596 533 1664 perducat,
571 1594 766 1664 duplici
802 1595 960 1647 modo
998 1605 1159 1647 status
1194 1596 1372 1648 oceani
1408 1596 1697 1667 assignatus
1722 1616 1754 1648 a
1777 1614 1901 1648 vero
1927 1596 2257 1666 discrepabit.

121 1685 360 1755 Namque
382 1685 553 1755 primo
580 1705 713 1755 aqua
738 1686 919 1756 quovis
954 1695 1219 1738 momento
1244 1686 1298 1737 in
1324 1705 1442 1738 eum
1460 1686 1733 1756 aequilibrii
1762 1687 1932 1750 situm,
1956 1705 2108 1757 quem
2129 1687 2262 1738 vires

121 1776 447 1826 sollicitantes
473 1775 762 1838 intendunt,
790 1775 1060 1843 pervenire
1085 1793 1191 1827 non
1225 1776 1433 1845 poterit,
1475 1775 1566 1827 sed
1603 1785 1804 1827 tantum
1830 1775 1898 1827 ad
1924 1794 2043 1827 eum
2068 1794 2258 1845 appro-

117 1863 388 1932 pinquabit
424 1862 702 1925 continu63
743 1863 930 1915 deinde
966 1864 1166 1915 etiamsi
1201 1865 1256 1915 in
1291 1865 1461 1933 ipsum
1486 1865 1760 1935 aequilibrii
1786 1865 1943 1916 situm
1974 1865 2259 1934 perveniat,

119 1951 173 2001 in
211 1970 273 2003 eo
310 1962 483 2004 tamen
507 1971 615 2004 non
640 1953 943 2022 acquiescet,
984 1952 1074 2004 sed
1104 1964 1249 2005 motu
1279 1954 1390 2023 jam
1416 1964 1668 2022 concepto
1693 1952 1907 2006 ulterius
1933 1953 2142 2018 feretur,
2185 1954 2260 2006 uti

120 2058 187 2091 ex
223 2039 410 2092 natura
448 2039 619 2092 motus
659 2038 864 2092 abunde
906 2050 1123 2093 constat.
1202 2041 1379 2111 Hujus
1416 2052 1589 2093 autem
1621 2042 1889 2112 utriusque
1923 2041 2262 2094 aberrationis

118 2128 250 2179 ratio
287 2128 342 2179 in
378 2128 561 2181 inertia
598 2147 746 2198 aquae
771 2139 847 2181 est
870 2130 1056 2198 posita,
1096 2129 1197 2200 qua
1225 2130 1284 2182 fit
1308 2140 1366 2181 ut
1389 2149 1525 2200 aqua
1548 2148 1644 2182 nec
1669 2130 1843 2182 subito
1883 2130 1937 2182 in
1963 2149 2082 2182 eum
2107 2131 2262 2182 situm

119 2234 173 2268 se
199 2217 442 2280 conferat,
470 2218 524 2268 in
550 2237 653 2287 quo
678 2236 797 2269 cum
821 2219 1014 2270 viribus
1039 2218 1192 2271 datur
1217 2220 1579 2290 aequilibrium,
1619 2239 1715 2272 nec
1741 2218 1860 2273 cum
1885 2220 2026 2272 hunc
2052 2221 2252 2291 aequili-

118 2305 217 2357 brii
250 2306 404 2357 situm
429 2307 669 2378 attigerit,
709 2307 781 2358 ibi
818 2300 1059 2377 quiescat.
1138 2308 1397 2371 Quocirca
1432 2329 1498 2362 ne
1536 2310 1894 2364 difficultatum
1918 2312 2254 2363 multitudine

122 2396 419 2460 obruamur,
459 2416 646 2468 aquam
683 2399 824 2449 omni
861 2399 1042 2452 inertia
1082 2412 1342 2454 carentem
1378 2422 1714 2468 assumamuS,
1753 2404 1855 2456 hoc
1885 2414 1962 2457 est
1998 2404 2144 2456 istius
2179 2404 2259 2454 in-

117 2484 265 2548 dolis,
305 2494 364 2536 ut
398 2503 506 2537 non
543 2485 710 2537 solum
748 2488 927 2557 quovis
950 2500 1212 2542 momento
1240 2510 1293 2542 se
1329 2492 1384 2543 in
1409 2502 1602 2544 statum
1627 2493 1902 2563 aequilibrii
1927 2492 2096 2546 subito
2124 2493 2254 2545 reci-

117 2574 240 2642 piat,
281 2574 372 2626 sed
408 2574 480 2626 ibi
516 2575 671 2626 etiam
696 2594 903 2628 omnem
928 2587 1128 2630 motum
1151 2579 1360 2631 insitum
1386 2580 1697 2651 deponendo
1721 2592 2038 2650 permaneat,
2077 2602 2258 2652 quam-

118 2665 207 2717 diu
230 2666 326 2718 iste
353 2666 477 2719 situs
502 2668 696 2719 viribus
717 2668 1106 2721 sollicitantibus
1134 2671 1419 2723 conveniat.
1473 2671 1597 2724 Hac
1617 2673 1787 2743 itaque
1806 2672 1938 2724 facta
1959 2673 2247 2742 hypothesi,

118 2753 446 2821 perspicuum
492 2764 568 2805 est
605 2772 792 2823 aquam
827 2756 1005 2824 quovis
1042 2758 1288 2825 temporis
1326 2770 1590 2811 momento
1626 2760 1680 2810 in
1718 2778 1780 2811 eo
1824 2760 1938 2828 ipso
1972 2770 2106 2811 statu
2140 2760 2249 2811 fore

120 2843 463 2907 constitutam,
493 2844 582 2913 qui
619 2843 903 2896 secundum
938 2858 1200 2915 praecepta
1240 2848 1438 2917 Capitis
1466 2848 1806 2917 praecedentis
1846 2850 2092 2918 positioni
2134 2847 2248 2900 cum

123 2932 256 2985 Solis
281 2931 392 2986 tum
419 2933 588 2985 Lunae
613 2935 939 3003 respondeat.

188 3025 227 3088 ยง.
253 3026 338 3077 47.
380 3021 458 3076 Ut
494 3021 652 3093 igitur
687 3022 743 3073 in
779 3022 877 3074 hac
914 3024 1206 3095 hypothesi,
1246 3025 1348 3097 qua
1385 3046 1526 3080 mare
1552 3029 1626 3081 vis
1664 3030 1864 3082 inertiae
1890 3048 2076 3099 expers
2102 3038 2253 3100 poni-

115 3129 247 3175 mUS,
285 3130 382 3181 pro
418 3112 597 3182 quovis
632 3112 748 3165 loco
774 3114 841 3167 ad
867 3115 1083 3185 quodvis
1109 3127 1312 3186 tempus
1338 3129 1528 3171 statum
1553 3121 1707 3173 maris
1745 3120 1901 3192 quam
1938 3121 2253 3175 commodis-

117 3202 241 3255 sime
268 3203 588 3268 definiamus,
627 3204 855 3274 primum
880 3207 1042 3258 solam
1070 3207 1275 3261 Lunam
1301 3211 1758 3277 considerabimus,
1800 3212 1919 3265 cum
1948 3213 2004 3263 in
2033 3212 2092 3264 ea
2118 3230 2253 3281 prae-

117 3292 269 3361 cipua
309 3293 467 3346 aestus
505 3296 660 3348 maris
704 3315 856 3349 causa
901 3299 1237 3365 contineatur,
1283 3311 1436 3372 atque
1478 3313 1584 3354 tam
1619 3304 1791 3355 fluxus
1830 3322 1983 3375 quam
2003 3305 2250 3355 -refluxus

116 3381 271 3432 maris
308 3401 341 3433 a
375 3382 593 3433 transitu
630 3382 798 3435 Lunae
833 3373 928 3455 per
964 3386 1308 3440 meridianum
1333 3391 1621 3460 computari
1645 3391 1835 3443 soleat:
1875 3390 2018 3462 quod
2043 3392 2250 3443 sienim

118 3469 286 3523 Lunae
312 3473 520 3527 effectus
546 3474 841 3541 innotuerit,
869 3496 975 3528 non
1003 3476 1170 3530 solum
1199 3479 1331 3532 Solis
1352 3480 1559 3533 effectus
1581 3500 1786 3552 quoque
1810 3482 2019 3534 mutatis
2045 3492 2243 3534 mutan-

105 3559 194 3622 ,dis
237 3560 519 3632 colligetur,
566 3562 657 3614 sed
700 3564 853 3615 etiam
892 3566 1116 3631 effectuS,
1159 3567 1248 3637 qui
1297 3568 1362 3620 ab
1411 3570 1661 3621 ambobus
1705 3570 2043 3623 luminaribus
2088 3569 2241 3622 simul

117 3649 387 3719 agentibus
411 3649 768 3718 proficiscitur.
820 3654 1122 3723 Propositus
1143 3655 1301 3727 igitur
1320 3657 1384 3708 sit
1401 3657 1453 3709 T
1454 3676 1584 3711 errae
1609 3658 1751 3710 locus
1770 3660 2078 3730 quicunque,
2103 3660 2246 3727 cujus

115 3736 169 3786 in
195 3736 325 3788 coelo
351 3736 523 3789 zenith
549 3738 613 3788 sit
642 3738 700 3801 Z,
728 3738 944 3793 horizon
966 3743 1027 3794 H
1046 3743 1100 3805 Q
1119 3743 1170 3795 O
1190 3753 1242 3795 et
1264 3744 1315 3795 P
1333 3745 1489 3812 polus
1514 3746 1749 3810 borealis,
1778 3747 1848 3800 ita
1869 3758 1924 3799 ut
1948 3765 2096 3800 arcus
2126 3747 2170 3797 P
2196 3746 2246 3797 O

118 3828 182 3880 sit
207 3827 358 3897 hujus
384 3828 484 3879 loci
510 3829 724 3882 elevatio
748 3832 870 3898 poli,
901 3843 950 3884 ct
977 3833 1195 3885 circulus
1225 3835 1268 3886 P
1289 3836 1329 3886 Z
1351 3836 1409 3887 H
1433 3835 1482 3886 N
1506 3836 1557 3889 O
1584 3837 1910 3889 meridianus.
1991 3837 2068 3888 Sit
2091 3834 2249 3903 porro
