2528 4172
133 270 318 323 mez
340 269 638 333 TERTIUS]
716 265 1119 319 PRINCIPIA
1159 266 1781 322 MATHEMATICA.
2204 283 2267 325 15

132 412 411 467 satellitum
450 416 611 467 Jovis.
689 415 752 482 (θ’)
782 414 989 465 Etenim
1025 432 1121 482 per
1158 413 1370 481 eclipses
1400 414 1513 465 illas
1539 416 1909 468 determinatur
1934 418 2124 486 positio
2151 437 2265 470 um-

131 507 242 557 brae
279 525 437 575 quam
462 506 665 574 Jupiter
697 505 919 573 projicit,
959 514 1011 555 et
1048 523 1111 555 eo
1147 504 1359 555 nomine
1385 504 1608 557 habetur
1633 507 1777 559 Jovis
1803 508 2075 579 longitudo
2101 510 2270 561 helio-

132 598 374 648 centrica.
452 597 536 648 Ex
572 595 982 665 longitudinibus
1014 606 1189 646 autem
1213 594 1579 648 heliocentrica
1607 606 1658 648 et
1681 597 2007 668 geocentrica
2041 600 2177 652 inter
2214 620 2269 652 se

134 688 331 740 collatis
357 685 729 739 determinatur
752 684 995 737 distantia
1019 685 1054 736 J
1055 685 1180 736 ovis,

849 893 1438 955 PHAENOMENON
1481 897 1548 949 V.

128 1060 376 1112 Planetas
401 1060 695 1127 primarios,
735 1059 899 1109 radiis
935 1060 1005 1108 ad
1053 1058 1264 1109 Terram
1303 1060 1477 1122 ductis,
1505 1078 1651 1112 areas
1677 1062 1949 1131 describere
1973 1065 2266 1130 temporibus

197 1149 396 1200 minime
410 1149 819 1215 proportionales
840 1176 858 1205 ,·
889 1155 944 1198 at
969 1148 1135 1199 radiis
1153 1148 1225 1198 ad
1248 1148 1407 1199 Solem
1435 1150 1608 1211 duetiS,
1637 1167 1784 1201 areas
1817 1153 2112 1218 temporibus
2139 1170 2265 1220 pro·
2290 1196 2296 1203 .

189 1238 504 1305 portionales
518 1253 829 1303 percurrere.

201 1398 341 1450 Nam
376 1405 614 1466 respectu
641 1394 825 1447 Terrae
848 1412 987 1445 nunc
1010 1394 1436 1465 progrediuntur,
1472 1412 1613 1447 nunc
1638 1397 1921 1447 stationarii
1948 1407 2082 1460 sunt,
2123 1416 2263 1448 nunc

130 1491 283 1544 etiam
302 1489 694 1561 regrediuntur:
737 1487 811 1538 At
840 1486 976 1539 Solis
1002 1495 1242 1555 respectu
1270 1504 1474 1554 semper
1498 1486 1919 1557 progrediuntur,
1958 1487 2114 1557 idque
2139 1506 2261 1555 pro-

1836 1571 1849 1588 .

128 1646 292 1686 latitudo
312 1646 475 1684 Veneris
493 1658 539 1684 ex
562 1645 720 1684 Tellure
742 1646 940 1683 observata
961 1644 995 1682 P
1012 1643 1048 1682 T
1069 1644 1120 1689 E,
1142 1657 1164 1682 e
1218 1643 1268 1681 ad
1295 1643 1457 1681 orbitam
1485 1647 1668 1696 satellitis,
1698 1657 1735 1690 et
1768 1650 1790 1687 1
1813 1649 1850 1688 E
1884 1662 1972 1699 quae
1999 1649 2069 1687 erit
2093 1648 2133 1685 in
2166 1649 2201 1686 E
2225 1648 2262 1686 T

132 1701 221 1739 Sole
248 1700 326 1737 visa
356 1700 391 1738 P
413 1700 440 1737 S
461 1699 509 1742 E,
542 1699 579 1737 E
611 1707 799 1748 punctum
825 1698 866 1734 in
885 1696 1072 1746 ecliptica,
1094 1698 1165 1734 erit
1217 1697 1556 1745 perpendicularis,
1587 1706 1679 1752 quia
1705 1706 1950 1755 cognoscitur
1967 1703 2063 1740 ratio
2081 1702 2261 1739 maximae

129 1761 177 1792 ut
197 1754 231 1791 P
255 1754 281 1790 S
300 1753 350 1791 ad
372 1753 406 1790 P
427 1753 475 1798 T,
496 1751 550 1789 ita
569 1760 732 1802 tangens
752 1751 967 1788 latitudinis
999 1751 1034 1788 P
1058 1751 1093 1788 T
1115 1751 1165 1794 E,

128 1805 179 1845 ad
196 1813 418 1856 tangentem
444 1805 660 1843 latitudinis
690 1805 725 1842 P
747 1805 773 1842 S
795 1805 844 1841 E.
906 1804 1012 1841 Nam
1030 1805 1079 1841 ob
1097 1816 1167 1841 an-

128 1859 299 1911 gulosE
322 1859 529 1897 PTetE
552 1858 588 1896 P
610 1859 787 1903 Srectos,
808 1856 919 1895 estP
941 1856 1045 1894 Tad
1073 1856 1165 1895 PE

129 1919 175 1950 ut
192 1914 300 1949 sinus
317 1920 421 1950 totus
439 1912 488 1950 ad
507 1918 731 1961 tangentem
755 1910 891 1960 anguli
922 1910 956 1947 P
978 1910 1014 1948 T
1035 1910 1099 1957 E3
1130 1917 1169 1948 et

129 1965 303 2003 similiter
334 1966 368 2003 P
390 1966 417 2003 S
434 1965 483 2002 ad
505 1965 539 2002 P
561 1965 597 2002 E
624 1971 669 2002 ut
687 1964 794 2001 sinus
811 1971 917 2001 totus
936 1962 985 2000 ad
1007 1970 1170 2014 tangen-

130 2029 207 2057 tem
226 2018 361 2067 anguli
383 2019 417 2056 P
440 2019 465 2056 S
487 2018 537 2063 E,
553 2015 717 2067 ideoque
735 2024 780 2054 ut
810 2017 844 2054 P
867 2017 893 2054 S
911 2016 957 2053 ad
983 2016 1017 2054 P
1039 2017 1086 2062 T,
1115 2015 1170 2054 ita

129 2080 294 2121 tangens
325 2071 459 2121 anguli
494 2071 530 2108 P
561 2071 596 2108 T
624 2070 661 2107 E
699 2069 748 2107 ad
777 2077 1002 2119 tangentem
1033 2070 1169 2119 anguli

132 2124 169 2162 P
191 2124 217 2161 S
239 2125 289 2170 E,
320 2123 439 2174 quare
466 2122 620 2161 dabitur
643 2121 812 2173 angulus
840 2122 912 2160 iste
943 2135 1035 2159 cum
1066 2130 1172 2160 recto

132 2177 170 2215 E
194 2177 229 2214 P
251 2178 290 2223 S,
310 2185 348 2215 et
368 2176 456 2214 ideo
475 2177 546 2214 erit
568 2176 595 2214 S
617 2176 652 2214 P
669 2177 719 2213 ad
742 2177 768 2214 S
790 2175 826 2212 E
847 2183 892 2213 ut
910 2175 1016 2213 sinus
1035 2175 1172 2226 anguli

132 2231 160 2268 S
190 2230 227 2267 E
263 2230 303 2275 1‘,
343 2229 615 2278 complementi
656 2229 691 2266 P
719 2229 746 2267 S
776 2229 813 2266 E
851 2228 901 2266 ad
937 2235 1086 2265 rectum
1121 2228 1172 2266 ad

128 2283 257 2320 sinum
287 2282 426 2333 anguli
459 2283 495 2321 P
517 2283 544 2319 S
565 2282 614 2327 E,
647 2281 800 2319 dabitur
828 2280 921 2332 ergo
956 2281 982 2318 S
1013 2281 1064 2327 E,
1099 2294 1169 2319 seu

128 2335 226 2374 ratio
253 2335 338 2386 ejus
364 2335 414 2373 ad
445 2336 471 2373 S
492 2335 540 2380 T,
570 2335 702 2383 sicque
729 2335 934 2372 observatis
962 2334 1074 2371 variis
1092 2334 1170 2372 dis-

129 2389 257 2427 tantiis
279 2390 306 2427 S
328 2388 375 2434 P,
396 2388 549 2428 dabitur
567 2388 793 2434 mediocris3
824 2387 916 2438 quia
939 2386 1030 2425 vero
1055 2387 1170 2425 datur

128 2441 223 2480 ratio
246 2442 272 2479 S
288 2443 324 2480 T
342 2441 392 2481 ad
410 2441 643 2479 mediocrem
660 2440 880 2479 distantiam
896 2441 995 2479 Solis
1009 2454 1032 2478 a
1048 2441 1084 2478 T
1085 2440 1171 2477 erra

129 2503 300 2544 ternpore
328 2493 614 2540 observationis,
652 2493 806 2532 dabitur
841 2494 939 2532 ratio
976 2493 1170 2532 distantiae

128 2548 332 2586 mediocris
369 2547 534 2585 Veneris
577 2547 626 2585 ad
668 2547 891 2585 distantiam
936 2546 1170 2585 mediocrem

131 2600 229 2639 Solis
248 2615 270 2639 a
283 2600 416 2639 Terra.
461 2600 649 2639 Mercurii
665 2600 855 2638 distantiae
874 2613 898 2638 a
912 2599 1034 2637 Terra
1046 2600 1171 2637 deter-

127 2653 326 2692 minantur
343 2655 460 2692 etiam
479 2666 546 2702 per
565 2653 827 2703 elongationes
844 2654 928 2704 ejus
947 2654 1135 2690 maximas
1147 2666 1171 2690 a

130 2706 232 2751 Sole,
271 2707 338 2745 sed
374 2707 465 2757 quia
501 2707 625 2744 orbita
658 2707 845 2745 Mercurii
874 2714 931 2744 est
957 2706 1171 2744 admodum

129 2760 356 2806 excentrica,
394 2760 427 2797 si
460 2759 683 2797 Mercurius
714 2759 758 2797 fit
788 2759 830 2796 in
860 2760 907 2803 P,
930 2759 972 2797 in
1000 2757 1171 2796 maxima

127 2811 373 2863 digressione,
403 2825 472 2861 per
498 2813 803 2850 observationem
821 2821 936 2851 notus
954 2812 1004 2850 sit
1021 2819 1172 2860 oportet

127 2865 297 2916 angulus
326 2866 354 2904 S
374 2866 411 2904 T
433 2866 468 2903 P
495 2872 534 2903 et
560 2877 628 2913 per
651 2865 839 2903 theoriam
857 2873 1036 2904 motuum
1058 2866 1168 2902 Mer-

126 2918 224 2955 curii
254 2919 424 2969 angulus
453 2918 488 2956 P
511 2918 538 2955 S
559 2918 596 2955 T
622 2918 728 2956 unde
754 2918 967 2956 deducetur
992 2918 1162 2969 angulus

129 2970 166 3008 T
185 2971 222 3009 P
243 2972 281 3018 S,
309 2972 401 3022 quia
426 2970 595 3021 angulus
621 2970 687 3008 ille
710 2979 839 3009 rectus
860 2984 940 3009 non
965 2979 1035 3018 est,
1055 2971 1162 3008 unde

126 3024 282 3062 tandem
300 3033 438 3062 caetera
455 3023 760 3063 determinentur
776 3032 823 3063 ut
841 3025 881 3062 in
902 3024 1066 3071 Venere,
1093 3037 1161 3062 ne-

127 3076 261 3126 glectis
278 3078 463 3116 minutiis.

184 3129 241 3181 (y)
257 3135 319 3169 62.
343 3134 364 3155 ’¹‘
387 3133 549 3170 Etenim
560 3144 634 3181 per
652 3133 801 3181 eclipses
815 3131 844 3170 J
845 3131 924 3169 ovis
938 3133 1163 3170 determina-

60 3215 63 3218 ,
129 3188 196 3219 tur
207 3186 339 3232 positio
358 3187 505 3223 umbrae
522 3198 638 3235 quam
653 3187 805 3234 Jupiter
817 3185 977 3234 projicit,
993 3192 1027 3222 et
1039 3198 1079 3222 eo
1098 3199 1164 3223 no·

128 3235 230 3274 mine
246 3239 403 3275 liabetur
421 3240 523 3277 Jovis
543 3240 735 3287 longitudo
753 3240 1019 3276 lzeliocentrica.

182 3289 204 3310 ³*
229 3288 287 3327 Sit
308 3290 334 3327 S
357 3290 448 3337 8013
480 3291 517 3328 T
538 3291 681 3337 'l‘erra3
704 3291 725 3328 Ι
746 3291 923 3339 Jupiter3
946 3291 983 3328 L
1007 3290 1164 3328 Satelles

128 3338 212 3389 ejus
242 3352 310 3389 per
344 3342 518 3380 medium
554 3345 703 3381 umbrae
738 3344 758 3380 Ι
790 3344 826 3381 L
863 3344 1074 3381 transiens:
1117 3356 1164 3381 ex

131 3391 254 3430 Terra
287 3394 324 3431 T
354 3397 573 3433 observetur
601 3396 642 3433 in
670 3396 843 3444 partibus
874 3396 1165 3434 semi-diametri

127 3444 250 3491 Jovis‚
278 3446 457 3485 distantia
480 3448 601 3486 centri
632 3449 742 3488 Jovis
765 3462 789 3486 a
809 3450 971 3487 satellite
1000 3450 1041 3486 in
1076 3462 1165 3487 urn-

127 3499 237 3536 bram
256 3511 336 3536 sese
363 3500 616 3551 immergente
634 3509 673 3539 et
691 3514 738 3539 ex
757 3501 804 3540 eit
822 3511 1055 3552 emergente,
1083 3514 1165 3539 me-

128 3550 239 3588 dium
267 3551 369 3589 inter
395 3565 458 3589 eas
484 3553 683 3593 distantias
709 3555 780 3592 erit
797 3555 977 3593 distantia
994 3569 1017 3593 a
1035 3562 1166 3593 centro

127 3602 237 3642 Jovis
261 3605 311 3642 ad
338 3605 540 3643 satellitem
566 3608 607 3643 in
624 3607 754 3645 medio
772 3610 920 3646 umbrae
944 3609 1171 3645 immersum

128 3655 172 3693 in
188 3658 362 3706 partibus
380 3658 670 3697 semi-diametri
688 3660 715 3699 J
717 3660 808 3705 ovis,
827 3661 973 3702 ,eadem
992 3660 1172 3698 distantia

128 3707 172 3746 iu
186 3709 352 3749 minutis
370 3719 408 3749 et
426 3711 604 3748 secundis
630 3713 818 3750 observari
844 3714 994 3762 poterit,
1023 3713 1170 3762 eritque

127 3771 309 3804 mensura
335 3764 472 3816 anguli
502 3764 524 3802 Ι
547 3765 583 3802 T
604 3764 666 3813 L·;
695 3763 858 3803 ducatur
887 3767 924 3805 T
940 3767 978 3804 Ε
1006 3773 1171 3817 tangens

1224 1750 1483 1800 elongationis
1508 1756 1625 1807 hujus
1653 1758 1825 1796 satellitis
1843 1758 1891 1795 ad
1911 1756 2261 1794 semi-diametrum

1223 1803 1252 1842 J
1254 1802 1345 1849 ovis,
1375 1811 1414 1842 et
1437 1805 1501 1843 hic
1524 1812 1686 1851 habetur
1703 1812 1745 1850 in
1764 1810 1942 1850 secundis
1961 1809 2262 1847 semi-diameter

1825 2834 1876 2866 v«2

1796 2861 1877 2908 “J-‘ts‘
1913 2861 1951 2905 S

1216 2970 1327 3010 Jovis
1362 2966 1564 3007 habebitur
1599 2965 1642 3004 in
1678 2966 1857 3003 secundis
1892 2965 2061 3016 angulus
2098 2968 2121 3006 I
2152 2969 2188 3006 T
2216 2969 2255 3007 E

1216 3025 1289 3061 sub
1316 3035 1393 3073 quo
1419 3032 1600 3070 apparere
1627 3018 1781 3057 deberet
1797 3019 1899 3056 linea
1920 3020 1941 3056 1
1965 3020 2013 3063 E,
2044 3020 2075 3057 si
2107 3021 2258 3061 satelles

1219 3077 1319 3114 foret
1346 3077 1388 3113 in
1418 3071 1591 3112 maxima
1620 3071 1691 3109 sua
1720 3072 1963 3123 elongatione
1992 3086 2038 3110 eo
2073 3075 2257 3123 temporis

1219 3136 1444 3176 moment03
1493 3126 1559 3164 sed
1595 3137 1644 3163 ex
1679 3125 2011 3175 trigonometricis,
2055 3135 2113 3164 est
2148 3128 2257 3166 sinus

1220 3183 1354 3234 anguli
1387 3183 1409 3220 Ι
1431 3182 1468 3219 T
1488 3181 1537 3224 E,
1570 3179 1620 3217 ad
1644 3178 1772 3216 sinum
1790 3185 1917 3216 totum
1935 3179 2012 3215 sive
2031 3179 2160 3217 sinum
2187 3193 2257 3218 an-

1221 3236 1306 3285 guli
1328 3236 1378 3281 E,
1407 3241 1453 3272 ut
1471 3242 1528 3271 est
1557 3233 1580 3270 I
1602 3232 1639 3270 E
1668 3231 1717 3269 ad
1739 3232 1775 3268 T
1795 3231 1829 3276 1,
1851 3243 1983 3269 rursus
2002 3233 2041 3269 in
2060 3233 2257 3284 triangulo

1222 3290 1259 3327 T
1280 3289 1301 3327 Ι
1323 3289 1360 3326 L
1388 3295 1444 3325 est
1473 3287 1495 3324 Ι
1518 3287 1554 3324 L
1584 3285 1680 3337 (sive
1707 3284 1727 3320 I
1752 3284 1789 3320 E
1815 3285 1887 3332 ipsx
1912 3285 2085 3335 aequalis)
2106 3286 2156 3324 ad
2178 3287 2213 3324 T
2235 3288 2256 3325 Ι

1219 3349 1265 3379 ut
1282 3342 1390 3379 sinus
1416 3339 1551 3391 anguli
1578 3336 1764 3376 observati
1794 3337 1816 3374 Ι
1839 3339 1875 3376 Τ
1896 3338 1931 3375 L
1960 3338 2009 3376 ad
2034 3339 2164 3376 sinum
2189 3352 2257 3377 an-

1218 3395 1302 3446 guli
1333 3395 1369 3432 T
1390 3394 1426 3431 L
1448 3394 1467 3430 1
1486 3408 1499 3440 ;
1528 3393 1655 3441 itaque
1683 3396 1728 3426 ut
1751 3389 1857 3428 sinus
1876 3392 2010 3441 anguli
2040 3393 2059 3428 1
2084 3393 2120 3430 T
2141 3393 2178 3430 E
2207 3393 2258 3430 ad

1220 3448 1350 3485 sinum
1368 3454 1507 3491 totum,
1529 3445 1583 3482 ita
1601 3444 1708 3480 sinus
1726 3444 1859 3494 anguli
1893 3445 1910 3481 1
1936 3445 1971 3482 T
1992 3446 2028 3482 L
2056 3446 2106 3483 ad
2127 3446 2257 3483 sinum

1219 3500 1357 3550 anguli
1390 3500 1427 3537 T
1447 3500 1483 3537 L
1506 3499 1527 3535 Ι
1561 3498 1639 3534 sive
1673 3495 1709 3532 T
1729 3495 1766 3532 L
1788 3497 1840 3544 S;
1869 3499 1975 3536 unde
2002 3499 2043 3534 in
2062 3498 2257 3549 triangulo

1223 3554 1260 3592 T
1273 3554 1309 3590 L
1326 3553 1364 3598 S,
1385 3551 1542 3602 cognito
1559 3562 1628 3598 per
1641 3549 1943 3588 observationem
1962 3553 2109 3602 angulo
2131 3552 2157 3590 S
2172 3553 2207 3589 T
2220 3552 2257 3589 L

1226 3613 1265 3643 et
1299 3605 1457 3642 invento
1495 3611 1538 3641 ut
1573 3602 1787 3640 indicatum
1818 3612 1887 3650 est,
1920 3605 2066 3655 angulo
2101 3606 2137 3642 T
2157 3605 2193 3642 L
2217 3606 2255 3647 S,

1225 3659 1387 3696 habetur
1405 3657 1574 3707 angulus
1596 3656 1632 3693 T
1653 3656 1679 3693 S
1700 3655 1749 3701 L,
1777 3657 1843 3706 qui
1862 3657 2017 3695 additus
2035 3658 2095 3695 vel
2111 3657 2257 3695 detrac-

1224 3718 1288 3747 tus
1307 3723 1328 3746 e
1347 3709 1592 3760 longitudine
1618 3708 1891 3747 heliocentrica
1918 3711 2048 3748 Terrae
2066 3710 2133 3749 dat
2150 3712 2259 3751 Jovis

1224 3762 1533 3802 heliocentricam
1552 3762 1849 3813 longitudinem.
1911 3764 1963 3808 Q.
1985 3777 2018 3801 e.
2043 3764 2068 3801 i.

1133 3835 1217 3874 D2
