2528 4172
250 281 353 328 282
665 273 1106 338 INQUISITIO
1146 273 1485 327 PHYSICA
1522 274 1607 326 IN
1647 272 1968 326 CAUSAM

242 452 510 504 intervallo
562 473 613 500 =
641 417 990 555 (2{⁵÷21b
1014 427 1083 549 3)
1116 425 1196 544 (3
1219 453 1327 520 (pq
1354 458 1406 512 -1-
1437 417 2353 550 Ρῶ)2-1)-ι-ῙΔΕὲ-“ἐ“-ΞΕΞΧ

248 612 326 729 (5
357 633 412 696 (p
439 647 473 696 q
518 635 570 689 ÷
618 626 662 678 P
692 626 765 691 Q)
792 624 812 654 ²
846 656 919 665 -
957 612 1049 719 3),
1088 627 1326 698 neglecto
1364 625 1524 677 altero
1561 624 1782 677 termino
1817 644 1848 676 a
1883 624 1935 675 vi
1975 622 2108 675 Solis
2138 622 2375 685 oriundo,

241 769 359 821 cum
396 787 574 819 sensus
601 768 813 818 omnino
839 767 1063 838 effugiat.
1140 768 1229 819 Ad
1254 768 1380 819 dum
1404 768 1557 819 ambo
1581 768 1855 819 luminaria
1891 767 2025 818 infra
2058 767 2379 818 horizontem

2155 860 2203 910 L

235 890 303 941 ad
363 890 711 941 meridianum
775 890 1094 960 pertingunt,
1158 890 1255 942 erit
1304 890 1520 942 elevatio
1572 908 1720 959 aquae
1776 919 1827 947 =
1858 859 2019 1001 (δῖ-5,
2042 898 2094 951 ÷
2122 891 2279 998 ff)
2315 899 2360 943 Χ

239 1033 1552 1167 <3<PQ—pq)2—1)÷L÷----<P2Qb·4-P
1501 1033 1637 1133 ‘0oe
1679 1064 1747 1133 <P
1787 1060 2377 1133 Q—pq>2-—s>›)-

237 1209 476 1261 Maxima
515 1208 735 1278 denique
773 1228 921 1278 aquae
959 1207 1221 1277 depressio
1257 1206 1463 1268 incidet,
1502 1206 1710 1275 quando
1734 1207 2007 1257 luminaria
2031 1205 2113 1257 vel
2138 1205 2378 1254 oriuntur

235 1281 318 1332 vel
344 1281 607 1343 occidunt,
637 1300 800 1351 eaque
825 1282 997 1332 minor
1023 1282 1121 1332 erit
1146 1276 1301 1349 quam
1325 1278 1544 1329 altitudo
1569 1298 1718 1349 aquae
1742 1278 1989 1329 naturalis
2014 1276 2284 1328 intervallo
2319 1296 2370 1322 =

236 1461 267 1504 2
290 1371 335 1505 Sa
359 1454 378 1483 ὸ,
489 1372 585 1506 ΞῙὲ
604 1441 639 1483 3.
1078 1462 1109 1505 2
1145 1474 1176 1505 a
1208 1454 1228 1483 3
1254 1401 1320 1453 sit
1344 1400 1546 1452 circiter
1571 1401 2015 1472 subquadruplum
2040 1400 2201 1468 ipsius
2228 1435 2376 1502 {Ti-3,

235 1544 293 1593 in
318 1543 585 1595 novilunio
611 1563 791 1596 omnes
819 1544 1029 1596 effectus
1055 1542 1224 1595 Lunae
1252 1540 1408 1611 supra
1432 1543 1686 1607 recensiti,
1728 1542 1909 1613 quarta
1937 1542 2016 1594 sui
2051 1550 2198 1610 parte
2223 1559 2382 1611 auge-

233 1635 446 1686 buntur.

306 1727 343 1789 §.
383 1730 469 1775 53.
521 1723 586 1774 In
623 1723 910 1791 plenilunio
948 1723 1122 1773 omnia
1159 1722 1344 1774 eodem
1384 1741 1437 1773 se
1472 1722 1666 1773 habere
1700 1721 1859 1773 modo
1897 1719 2376 1788 deprehenduntur,

235 1830 340 1881 quo
377 1812 430 1861 in
467 1811 750 1874 novilunio,
792 1811 913 1881 quia
950 1811 1089 1862 enim
1126 1821 1238 1862 tum
1279 1810 1371 1862 Sol
1396 1821 1448 1861 et
1474 1810 1629 1861 Luna
1663 1809 1716 1860 in
1743 1809 2067 1877 oppositione
2092 1818 2378 1870 versantur,

233 1901 330 1952 erit
358 1900 633 1952 declinatio
664 1901 796 1953 Solis
824 1901 1035 1970 aequalis
1063 1910 1114 1952 et
1141 1901 1398 1951 contraria
1422 1900 1755 1951 declinationi
1780 1900 1964 1962 Lunae,
2002 1899 2142 1950 unde
2172 1899 2380 1968 quidem

231 2008 332 2058 pro
373 1989 494 2042 Sole
532 1990 593 2040 fit
618 2021 689 2029 —
718 1990 788 2052 Q,
830 1990 971 2059 quod
1007 1990 1063 2040 in
1097 1990 1362 2040 novilunio
1400 1999 1511 2041 erat
1545 1998 1597 2050 -Ι-
1633 1989 1715 2051 Q3
1754 1999 1807 2040 at
1833 1988 1950 2040 cum
1980 1988 2071 2041 Sol
2097 1987 2381 2039 secundum

232 2077 589 2128 ascensionem
632 2088 828 2128 rectam
870 2097 902 2128 a
946 2077 1099 2129 Luna
1140 2078 1295 2129 distet
1335 2084 1474 2129 180⁰.
1514 2079 1610 2129 erit
1644 2077 1746 2129 hoc
1783 2088 2045 2139 casu—-t,
2087 2076 2229 2146 quod
2263 2076 2381 2128 ante

235 2176 348 2217 erat
381 2174 434 2228 -}-
469 2176 505 2230 t,
535 2184 601 2217 ex
627 2185 731 2236 quo
755 2185 854 2235 pro
878 2166 1164 2235 plenilunio
1188 2166 1409 2218 habetur
1434 2166 1575 2218 sinus
1602 2166 1884 2218 altitudinis
1914 2166 2047 2218 Solis
2083 2186 2135 2214 =
2163 2197 2235 2206 —
2259 2175 2330 2235 tp
2347 2185 2383 2236 q

233 2284 306 2293 --
345 2253 390 2304 P
430 2254 499 2316 Q,
540 2254 629 2323 qui
665 2272 763 2322 pro
800 2254 1067 2305 novilunio
1105 2263 1215 2305 erat
1260 2274 1311 2302 =
1345 2263 1368 2305 t
1391 2272 1427 2323 p
1456 2273 1491 2323 q
1523 2262 1576 2315 -ξ-
1614 2254 1659 2305 Ρ
1699 2254 1769 2317 Q,
1817 2272 1884 2305 ex
1928 2272 2030 2324 quo
2073 2253 2382 2322 quadratum

233 2343 390 2412 hujus
430 2343 569 2395 sinus
608 2354 830 2414 utroque
868 2362 990 2395 casu
1026 2356 1103 2396 est
1127 2345 1283 2407 idem,
1311 2344 1533 2414 ideoque
1560 2345 1714 2396 etiam
1739 2344 1919 2395 eadem
1944 2344 2291 2412 phaenomena
2325 2344 2381 2395 in

231 2433 501 2483 novilunio
527 2443 680 2502 atque
704 2433 1008 2502 plenilunio.
1083 2433 1294 2485 Deinde
1320 2434 1474 2484 etiam
1498 2433 1600 2483 hoc
1627 2443 1860 2501 tempore
1886 2452 2019 2501 aqua
2044 2431 2275 2483 maxime
2294 2432 2382 2484 de-

233 2523 506 2589 primetur,
547 2521 664 2572 cum
704 2522 977 2573 luminaria
1004 2524 1156 2574 ambo
1182 2524 1236 2573 in
1262 2523 1529 2574 horizonte
1555 2533 1839 2586 versantur,
1879 2534 2091 2592 tumque
2116 2543 2251 2592 aqua
2283 2523 2381 2573 hu-

232 2647 408 2697 milior
434 2648 531 2699 erit
556 2646 709 2718 quam
737 2648 788 2697 in
818 2657 956 2699 statu
990 2647 1228 2710 naturali,
1270 2647 1543 2698 intervallo
1578 2667 1629 2693 =
1667 2616 1789 2749 ἐς
1823 2653 1875 2706 -1-
1910 2614 2046 2749 {Ili-3·
2148 2645 2233 2696 Ex
2280 2646 2382 2697 hoc

232 2791 406 2860 itaque
433 2792 533 2842 situ
560 2790 727 2842 donec
767 2790 923 2842 Luna
948 2790 1015 2842 ad
1040 2790 1387 2842 meridianum
1414 2807 1572 2858 supra
1600 2787 1821 2839 Terram
1848 2786 2075 2855 appellit,
2118 2805 2254 2856 aqua
2278 2787 2381 2838 ele-

233 2916 434 2966 vabitur
458 2933 553 2984 per
579 2915 905 2966 intervallum
930 2941 987 2961 =
1017 2924 1046 2967 3
1068 2916 1136 2985 (Ρ
1159 2916 1213 2977 Q
1241 2923 1295 2976 -Ι-
1321 2932 1357 2982 p
1375 2914 1427 2984 q)
1446 2912 1466 2941 ²
1529 2882 1642 3016 2}ss
1676 2921 1729 2974 -1-
1762 2880 1941 3015 {lg-3),
1992 2921 2240 2981 tantoque
2285 2912 2379 2962 ite-

231 3075 348 3108 rum
374 3057 604 3108 subsidet
629 3075 793 3126 usque
820 3056 887 3107 ad
925 3057 1096 3108 Lunae
1123 3057 1321 3108 obitum
1341 3075 1356 3117 3
1395 3064 1506 3106 tum
1531 3052 1655 3104 vero
1680 3071 1859 3104 rursus
1895 3053 2178 3104 elevabitur
2214 3072 2379 3123 usque

232 3148 298 3197 ad
346 3147 621 3215 appulsum
673 3146 841 3197 Lunae
879 3146 946 3197 ad
980 3146 1326 3197 meridianum
1364 3143 1497 3194 infra
1535 3142 1874 3203 horizontem,
1927 3140 2083 3209 idque
2125 3159 2219 3209 per
2263 3160 2380 3211 spa-

233 3269 361 3319 tium
389 3278 418 3321 3
461 3269 529 3337 (P
569 3269 622 3330 Q
650 3299 720 3308 -.
745 3287 781 3337 p
801 3269 854 3338 q)
874 3267 896 3297 2
919 3237 1075 3372 (ᾗ
1106 3276 1159 3330 4.
1194 3237 1277 3371 Οἳ
1292 3257 1375 3363 ὃς),
1408 3266 1646 3337 neglecto
1672 3265 1893 3317 termino
1920 3275 2163 3335 sequente
2188 3266 2380 3335 quippe

230 3410 338 3463 fere
376 3413 674 3464 insensibili.
755 3412 891 3465 Cum
929 3413 1088 3483 igitur
1125 3413 1227 3463 sint
1267 3413 1311 3464 P
1332 3412 1385 3473 Q
1419 3420 1471 3473 -ff-
1504 3430 1539 3479 p
1566 3430 1600 3480 q
1637 3420 1688 3461 et
1728 3411 1773 3462 P
1794 3411 1937 3472 Q—
1959 3430 1995 3480 p
2021 3430 2055 3480 q
2094 3412 2236 3463 sinus
2272 3412 2377 3463 dis-

231 3500 408 3551 tantiae
431 3501 596 3550 Lunae
619 3502 684 3552 ab
703 3501 971 3553 horizonte
997 3502 1123 3552 dum
1140 3502 1193 3551 in
1213 3501 1501 3552 meridiano
1520 3510 1769 3562 versatur,
1792 3511 1944 3552 erunt
1964 3501 2128 3569 spatia
2145 3520 2240 3569 per
2260 3520 2377 3571 quae

234 3610 366 3661 aqua
403 3602 635 3658 tempore
672 3594 1075 3661 pleniluniorum
1114 3612 1173 3643 ac
1210 3592 1594 3643 noviluniorum
1632 3610 1789 3659 supra
1814 3600 2003 3642 statum
2035 3590 2260 3642 maxime
2286 3591 2376 3642 de-

233 3699 468 3749 pressum
497 3680 737 3744 elevatur,
766 3683 818 3732 in
845 3684 1044 3733 ratione
1070 3680 1334 3750 duplicata
1356 3681 1560 3732 sinuum
1580 3679 1941 3730 distantiarum
1962 3679 2130 3730 Lunae
2150 3679 2214 3730 ab
2234 3678 2373 3729 hori-

242 3780 410 3836 zonte,
444 3770 574 3822 dum
612 3789 705 3839 per
741 3770 1085 3824 meridianum
1124 3772 1323 3824 transit.
1400 3769 1518 3822 Nisi
1543 3788 1669 3840 ergo
1693 3769 1775 3821 vel
1810 3769 1963 3823 Luna
1987 3769 2041 3819 in
2065 3768 2178 3836 ipso
2202 3786 2372 3835 aequa-
