2528 4172
129 287 311 339 Lmen
329 269 625 348 ΤΕΒΤιυεζ]
679 278 1079 334 PRINCIPIA
1118 273 1732 335 MATHEMATICA.

117 429 218 482 situ
243 427 471 480 umbilici
495 427 629 478 illius
657 424 882 477 deviabit
905 423 1026 475 hinc
1051 424 1172 476 inde
1197 438 1228 475 a
1245 424 1434 477 Terra.

2175 291 2241 337 53

1511 426 1649 477 Haec
1675 434 1751 476 est
1774 423 1977 476 libratio
2004 424 2171 476 Lunae
2191 427 2243 476 in

117 516 521 587 longitudinem:
564 514 700 565 Nam
720 512 782 582 (f)
804 511 1009 564 libratio
1033 513 1088 563 in
1111 513 1433 565 latitudinem
1460 525 1572 566 orta
1598 528 1673 566 est
1698 533 1763 567 ex
1787 514 2054 565 latitudine
2076 514 2243 565 Lunae

119 620 171 661 et
195 608 522 659 inclinatione
558 606 669 656 axis
706 605 814 673 ejus
850 604 917 655 ad
952 602 1166 672 planum
1204 603 1468 672 eclipticae.
1547 605 1706 657 Hanc
1740 604 2024 657 librationis
2049 603 2243 655 lunaris

120 697 370 750 theoriam
408 700 470 765 (g)
508 695 581 749 D.
610 693 678 746 N.
708 693 973 747 Mercator
997 692 1052 744 in
1077 692 1410 745 Astronomia
1442 692 1562 756 Sua,
1602 694 1748 745 initio
1773 694 1895 745 anni
1925 698 2058 748 1676
2087 691 2239 756 edita,

121 889 252 915 mense
268 873 461 924 periodico
477 873 626 912 restitui
643 874 890 913 manifestum
908 881 978 921 est,
996 874 1152 925 quando

121 928 261 978 nempe
274 929 390 966 Luna
408 928 448 964 in
462 940 619 978 apogaeo
642 929 679 966 A
698 936 767 966 aut
785 927 952 978 perigaeo
974 929 1008 966 B
1029 941 1154 966 versa-

122 989 208 1029 tur;
251 982 292 1018 in
323 989 485 1031 utroque
517 981 621 1018 enim
652 980 725 1018 situ
759 980 930 1030 ejusdem
955 980 1157 1019 meridiani

122 1035 283 1084 planum
311 1033 415 1084 quod
445 1041 668 1082 protensum
697 1034 739 1070 in
773 1034 807 1071 F
834 1033 981 1080 incidit,
1019 1035 1155 1072 transit

123 1088 237 1126 etiam
265 1100 331 1135 per
361 1086 410 1124 T.
470 1087 664 1124 Caeterum
691 1087 773 1123 haec
802 1085 951 1124 libratio
978 1088 1156 1125 omnibus

123 1139 443 1190 inaequalitatibus
464 1139 629 1177 obnoxia
652 1146 709 1176 est
729 1139 869 1188 quibus
893 1140 1058 1177 afficitur
1074 1153 1156 1177 mo-

123 1201 186 1231 tus
214 1194 255 1229 in
283 1192 580 1242 longitudinem·
648 1191 757 1244 (vid.
795 1192 1004 1230 Corollaria
1037 1193 1155 1241 Prop-

128 1245 287 1284 LXVI.
313 1245 400 1282 Lib.
428 1244 485 1293 Ι.)

180 1298 240 1349 (f)
262 1301 324 1336 77.
349 1300 370 1322 ³*
392 1299 562 1336 Libratio
589 1298 631 1336 in
654 1299 902 1336 latitudinem.
963 1298 1159 1343 Quoniam

127 1351 209 1389 axis
227 1350 324 1388 circa
343 1363 459 1400 quem
479 1351 596 1388 Luna
613 1351 831 1395 revolvitur,
859 1363 938 1388 non
956 1360 1013 1389 est
1030 1351 1078 1389 ad
1098 1351 1159 1389 lu·

126 1416 259 1440 narem
278 1404 439 1441 orbitam
458 1404 650 1447 normalis,
668 1403 735 1441 sed
748 1402 798 1440 ad
815 1403 922 1440 illam
939 1403 1157 1449 inclinatus,

127 1455 374 1494 manifestum
393 1462 450 1493 est
470 1456 596 1493 Lunae
614 1456 722 1507 polos
740 1468 807 1504 per
821 1455 920 1493 vices
932 1456 982 1494 ad
1000 1457 1160 1494 Terram

127 1521 303 1559 vergere3
322 1506 486 1558 ideoque
503 1509 630 1546 Lunae
647 1509 815 1547 maculas
828 1521 934 1546 nunc
951 1509 1042 1546 huic
1057 1521 1162 1547 nunc

127 1561 185 1598 illi
217 1561 306 1610 polo
333 1560 478 1599 vicinas
510 1573 531 1598 e
565 1560 685 1598 Terra
712 1561 884 1609 spectari.
944 1562 1050 1606 QuIa
1071 1559 1161 1599 verd

129 1615 209 1652 axis
238 1614 364 1652 Lunae
382 1621 439 1651 est
455 1612 535 1651 fere
558 1613 606 1651 ad
628 1614 788 1662 planum
806 1614 990 1662 eclipticae
1007 1627 1160 1652 norma-

129 1666 189 1713 lis,
218 1674 323 1715 patet
339 1667 437 1704 hanc
456 1666 696 1704 librationem
715 1666 881 1714 pendere
899 1680 922 1704 a
939 1667 1014 1705 situ
1036 1668 1163 1705 Lunae

129 1727 303 1767 respectu
329 1719 521 1756 nodorum
545 1719 677 1757 orbitae
701 1719 847 1756 lunaris
864 1732 954 1756 cum
973 1720 1160 1767 ecliptica,

131 1784 200 1809 seu
218 1774 264 1810 ab
283 1770 365 1820 ipsa
383 1771 584 1809 latitudine
604 1772 742 1809 Lunae.
795 1773 860 1810 Ex
879 1771 947 1809 ina
964 1773 1164 1810 libratione

131 1824 264 1870 oritur,
285 1831 330 1862 ut
347 1824 443 1862 dum
460 1824 575 1862 Luna
590 1824 720 1863 versus
738 1832 910 1862 austrum
929 1828 976 1863 ab
991 1823 1165 1874 ecliptica

131 1876 300 1914 maxime
327 1877 480 1922 recedit,
508 1879 581 1915 hoc
600 1885 668 1923 est,
695 1878 790 1915 dum
808 1878 849 1915 in
868 1879 990 1916 limite
1008 1879 1165 1916 australi

131 1937 312 1975 versatur,
347 1930 473 1967 Lunae
505 1931 617 1978 polus
646 1931 808 1969 borealis
838 1938 876 1968 et
903 1931 1040 1982 aliquae
1064 1930 1167 1969 ultra

123 1983 267 2031 »polum
294 1983 440 2021 lunaris
467 1983 571 2033 globi
599 1991 722 2032 partes
743 1997 767 2022 a
798 1984 888 2022 Sole
911 1984 1163 2031 illustrentur,

133 2035 373 2074 intereadum
399 2036 513 2084 polus
538 2036 711 2075 australis
729 2044 768 2075 et
784 2036 922 2087 aliquae
941 2036 1034 2075 citra
1061 2039 1166 2076 hunc

132 2087 267 2137 polum
293 2090 469 2138 regiones
494 2089 648 2127 lunares
670 2089 712 2126 in
732 2090 897 2128 tenebris
927 2090 1166 2140 immergun.

135 2149 221 2187 tur;
251 2140 283 2177 si
310 2140 402 2191 ergo
427 2141 471 2178 in
493 2143 565 2179 hoc
584 2142 661 2180 situ
679 2142 876 2193 contingat
897 2143 1024 2180 Solem
1043 2144 1082 2180 in
1101 2142 1166 2181 ea-

133 2192 225 2234 dem
252 2193 366 2243 plaga¹
392 2206 482 2232 cum
507 2194 629 2232 limite
653 2195 808 2233 australi
826 2197 975 2242 versari,
1001 2196 1118 2233 Luna
1143 2209 1167 2234 a

134 2247 407 2300 conjunctione
429 2259 521 2288 cum
548 2247 636 2286 Sole
654 2247 703 2286 ad
721 2248 868 2286 nodum
886 2249 1163 2293 ascendentem,

133 2303 207 2340 hoc
224 2311 293 2348 est,
311 2302 441 2341 versus
459 2305 614 2342 boream
632 2300 889 2355 progrediens,
909 2303 976 2341 has
993 2302 1168 2353 regiones

133 2355 380 2406 maculasque
397 2356 487 2405 polo
504 2357 644 2395 boreali
670 2356 811 2395 vicinas
828 2358 950 2395 oculis
967 2355 1166 2404 subducet,

115 2407 229 2446 ·dum
256 2407 411 2446 interim
436 2411 485 2447 ab
511 2408 685 2459 opposita
711 2408 829 2461 plaga
852 2410 938 2447 aliae
964 2423 1055 2448 cum
1078 2411 1169 2459 polo

135 2460 290 2498 australi
316 2462 491 2512 regiones
510 2475 531 2500 e
549 2463 712 2501 tenebris
730 2470 956 2513 emergunt3
985 2464 1169 2501 contrari-

135 2525 282 2564 umque
307 2516 454 2553 accidet
477 2515 730 2554 descendente
756 2515 874 2554 Luna
891 2515 992 2554 nova
1008 2529 1032 2554 a
1049 2516 1170 2555 limite

135 2566 304 2614 boreali3
333 2568 558 2606 boreali0res
581 2568 721 2617 nempe
742 2569 869 2607 Lunae
897 2577 1019 2617 partes
1037 2570 1170 2618 paula·

136 2618 208 2656 tim
226 2619 267 2656 in
285 2620 413 2658 lucem
431 2634 453 2660 e
469 2621 634 2660 tenebris
650 2629 864 2671 prorepent,
883 2621 979 2660 dum
996 2622 1171 2662 australi-

138 2683 223 2710 ores
247 2681 488 2712 evanescunt.

192 2724 249 2777 (⁸)
270 2730 332 2765 78.
356 2728 411 2764 D.
432 2728 489 2767 N.
512 2729 716 2767 Mercator.
735 2738 738 2743 ·
775 2728 858 2766 Hic
875 2729 1172 2768 transcribemus

141 2776 196 2815 N.
221 2778 449 2825 Mei-catoris
473 2782 598 2818 verba.
658 2786 685 2804 ‘⁸
709 2781 863 2819 Harum
892 2790 1021 2821 tamen
1051 2783 1172 2821 varia-

139 2833 170 2853 “
186 2841 274 2868 rum
301 2830 416 2882 atque
445 2832 716 2882 implicitarum
745 2834 992 2873 librationum
1026 2834 1173 2887 (Lunae

142 2885 168 2906 “
188 2883 347 2934 scilicet)
367 2897 511 2931 causas,
530 2887 727 2935 hypothesi
754 2887 1035 2938 elegantissima
1052 2887 1173 2937 expli-

142 2939 171 2959 “
188 2936 288 2974 cavit
313 2938 423 2975 nobis
448 2938 504 2975 vir
536 2940 583 2976 cl.
610 2940 732 2978 Isaac.
766 2941 933 2978 Newton
964 2941 1074 2992 cujus
1101 2942 1173 2978 hu-

145 2992 171 3012 “
188 2989 362 3027 manitati
388 2992 461 3028 hoc
480 2998 517 3029 et
535 2992 620 3030 aliis
637 2993 857 3031 nominibus
876 2993 1087 3042 plurimum
1105 2993 1171 3031 de-

145 3044 173 3065 “
189 3043 277 3079 bere
294 3055 358 3080 me
375 3043 511 3082 lubens
528 3045 717 3094 profiteor.
781 3046 898 3084 Hanc
916 3046 1033 3097 igitur
1051 3049 1171 3096 hypo·

145 3096 172 3117 “
189 3094 326 3132 thesim
353 3095 483 3134 lectori
510 3097 800 3148 gratificaturus,
827 3111 1016 3148 exponam
1039 3100 1174 3145 verbis,

141 3151 173 3172 Ἡ
192 3153 237 3186 ut
252 3155 394 3198 potero,
424 3161 515 3187 nam
533 3150 805 3189 delineationes
821 3152 863 3189 in
881 3151 996 3201 plano
1014 3152 1076 3190 vix
1095 3153 1177 3190 suf-

147 3204 174 3224 “
191 3200 325 3241 ficiunt
341 3202 433 3243 huie
450 3203 616 3256 negotio.
676 3205 813 3255 Itaque
836 3218 1008 3243 reversus
1026 3205 1073 3243 ad
1091 3205 1176 3256 glo-

147 3257 174 3277 “
190 3253 298 3300 bum,
312 3257 438 3308 cogita
454 3270 559 3296 nunc
577 3259 688 3297 illurn
706 3265 975 3308 repraesentare
989 3259 1175 3307 sphaeram

148 3310 173 3329 ‘⁴
190 3305 232 3342 in
257 3306 334 3356 qua
358 3320 532 3348 movetur
560 3312 676 3350 Luna
693 3314 805 3364 cujus
823 3320 997 3351 centrum
1015 3319 1176 3363 occupet

148 3361 177 3382 “
197 3358 342 3406 Tellus,
381 3362 510 3411 ipsum
545 3364 634 3404 verd
672 3366 801 3404 Lunae
835 3367 995 3417 globum
1031 3367 1175 3404 credito

149 3414 177 3435 “
195 3411 293 3460 polis
316 3420 354 3450 et
370 3427 441 3452 axe
458 3428 529 3454 suo
548 3418 776 3456 instructum
795 3418 895 3457 circa
913 3432 1030 3470 quem
1054 3419 1176 3457 revol-

150 3467 176 3487 “
195 3472 305 3501 vatur
339 3472 446 3505 motu
484 3470 659 3519 aequabili
694 3472 813 3509 semel
848 3483 979 3510 mense
1006 3472 1176 3522 sydereo,

150 3520 177 3540 “
194 3516 288 3553 dum
309 3530 332 3554 a
348 3518 427 3556 fixa
444 3520 572 3570 aliqua
589 3522 756 3573 digressa
774 3524 823 3562 ad
840 3525 1001 3562 eandem
1025 3525 1180 3563 reverti-

151 3572 177 3593 “
194 3574 270 3615 tur,
299 3580 337 3607 et
361 3580 529 3622 aequator
555 3574 699 3613 lunaris
716 3576 766 3614 ad
783 3577 1069 3615 firmamentum
1092 3588 1182 3614 con-

1186 898 1188 901 v
1207 879 1234 899 “
1252 871 1368 922 supra
1385 872 1620 910 horizontem
1639 871 1813 923 ligneum
1832 873 1966 920 attolli,
1993 872 2130 922 partim
2154 872 2243 911 verb

1209 932 1234 952 ‘⁶
1253 925 1354 964 infra
1372 926 1539 963 eundem
1558 926 1734 973 deprimi,
1766 927 2091 975 quemadmodum
2112 927 2152 963 in
2171 927 2243 964 hoc

1211 984 1237 1005 ‘⁶
1256 980 1333 1017 situ
1359 979 1463 1028 globi
1491 978 1721 1026 conspicitur
1748 980 1932 1027 ecliptica,
1962 980 2050 1017 licet
2076 980 2245 1030 angulus

1210 1036 1236 1057 ‘⁴
1254 1032 1454 1082 aequatoris
1481 1032 1627 1069 lunaris
1654 1039 1692 1069 et
1719 1032 1801 1082 ejus
1828 1033 1959 1070 orbitae
1984 1045 2062 1069 non
2080 1033 2129 1069 sit
2147 1031 2244 1071 forte

1210 1090 1236 1110 “
1255 1084 1364 1135 aeque
1392 1098 1557 1135 magnus
1574 1092 1688 1134 atque
1706 1086 1769 1122 hic
1787 1097 1902 1134 quem
1921 1086 2058 1136 globus
2077 1085 2238 1122 exhibet.

1213 1144 1238 1163 ‘⁴
1260 1136 1426 1176 Deinde,
1450 1138 1554 1187 finge
1598 1137 1667 1175 tibi
1707 1137 1887 1187 globulos
1936 1139 2034 1175 duos
2081 1139 2245 1187 aequales

1213 1196 1240 1215 “
1258 1203 1424 1241 quorum
1452 1198 1612 1240 uterque
1630 1191 1741 1239 poliS‚
1770 1199 1961 1241 aequatore
1980 1198 2018 1228 et
2035 1192 2246 1228 meridiano

1214 1248 1240 1268 “
1259 1244 1374 1281 unico
1394 1244 1571 1292 primario
1589 1244 1820 1294 insigniatur
1838 1252 1876 1281 et
1894 1252 2054 1293 uterque
2072 1244 2139 1280 filo
2163 1257 2245 1281 sus-

1215 1303 1239 1321 “
1258 1296 1446 1345 pendatur
1464 1296 1636 1333 alterutri
1662 1297 1837 1344 polorum
1858 1297 2026 1347 alligato.
2088 1298 2246 1333 Horum

1213 1353 1242 1374 “
1260 1349 1356 1387 alter
1381 1349 1521 1387 referat
1550 1349 1707 1386 Lunam
1735 1349 1908 1387 fictitiam
1936 1357 2044 1386 motu
2072 1349 2247 1398 aequabili

1215 1407 1242 1427 ‘⁴
1260 1402 1475 1440 secundum
1505 1402 1711 1439 horizontis
1740 1402 1860 1453 lignei
1887 1402 2161 1447 circumlatam,
2191 1409 2247 1439 at-

1214 1459 1240 1479 “
1258 1468 1333 1505 que
1361 1455 1497 1492 eodem
1525 1462 1696 1503 tempore
1714 1454 1814 1492 circa
1833 1468 1942 1492 axem
1962 1468 2077 1491 suum
2096 1455 2247 1492 revolu-

1216 1512 1242 1532 “
1261 1516 1341 1545 tam
1359 1515 1532 1556 respectu
1550 1507 1793 1552 firmamenti,
1823 1506 1877 1544 ita
1896 1514 1939 1545 ut
1957 1508 2116 1554 planum
2135 1508 2248 1544 meri-

1215 1565 1242 1585 “
1262 1560 1368 1600 diani
1400 1560 1570 1608 primarii
1598 1560 1744 1597 lunaris
1775 1559 1960 1609 perpetu&
1988 1567 2153 1597 transeat
2183 1573 2251 1608 per

1215 1618 1241 1638 ‘⁴
1261 1621 1436 1651 centrum
1456 1614 1598 1651 Terrae.
1660 1613 1772 1650 Alter
1799 1612 1888 1650 ver&
1916 1613 2097 1662 globulus
2124 1625 2250 1650 veram

1218 1672 1242 1691 “
1264 1667 1420 1704 Lunam
1451 1666 1622 1703 imitatus
1651 1665 1691 1702 in
1723 1666 1846 1704 orbita
1875 1679 1945 1703 sua
1970 1666 2115 1703 feratur
2140 1674 2251 1702 motu

1217 1725 1243 1744 ‘⁶
1263 1718 1454 1768 inaequali,
1490 1731 1595 1756 nunc
1637 1717 1753 1766 supra
1795 1719 2032 1756 horizontem
2078 1717 2250 1767 ligneum

1218 1777 1244 1797 “
1263 1784 1472 1822 emergens,
1494 1784 1599 1809 nunc
1618 1771 1720 1809 infra
1738 1771 2171 1816 eundemdescendens,
2199 1770 2254 1808 ita

1219 1829 1246 1849 “
1265 1833 1309 1862 ut
1332 1825 1492 1873 planum
1520 1824 1722 1875 aequatoris
1746 1825 1864 1875 hujus
1894 1824 2019 1862 Lunae
2037 1837 2136 1861 verae
2153 1836 2253 1861 sem·

1220 1883 1246 1902 “
1264 1890 1332 1926 per
1349 1878 1576 1926 parallelum
1590 1885 1743 1915 maneat
1760 1878 1876 1926 plano
1894 1877 2102 1914 horizontis
2120 1875 2254 1926 lignei,

1221 1936 1246 1955 “
1266 1940 1304 1968 et
1329 1931 1488 1979 planum
1515 1930 1717 1968 meridiani
1741 1930 1910 1979 primarii
1931 1930 2103 1980 ejusdem
2127 1931 2261 1968 Lunae'

1221 1988 1247 2008 “
1266 1996 1365 2020 verae
1391 1996 1541 2032 semper
1566 1984 1794 2031 parallelum
1822 1983 1938 2032 plano
1955 1982 2158 2021 meridiani
2176 1983 2253 2032 pri-

1216 2040 1247 2061 “
1264 2036 1376 2074 marii
1399 2037 1526 2074 Lunae
1550 2036 1660 2075 fictae.
1716 2035 1780 2075 Ita
1799 2036 1843 2074 fit
1859 2044 1905 2074 ut
1925 2036 2041 2074 Luna
2060 2035 2147 2074 ficta
2165 2048 2255 2074 ean-

1221 2094 1246 2114 “
1265 2089 1354 2127 dem
1371 2089 1481 2127 nobis
1493 2089 1630 2128 faciem
1649 2092 1848 2128 obvertens
1865 2101 2015 2137 semper
2032 2089 2130 2126 nulli
2148 2101 2256 2138 pror-

1221 2147 1247 2167 “
1266 2141 1331 2180 sus
1362 2142 1553 2180 librationi
1588 2142 1636 2180 sit
1666 2142 1843 2181 obnoxia.
1919 2144 1974 2179 At
2007 2142 2123 2179 Luna
2154 2154 2253 2187 vera,

1220 2199 1247 2220 “
1265 2196 1360 2232 dum
1386 2209 1409 2233 a
1431 2194 1598 2245 perigaeo
1624 2196 1749 2245 pergit
1767 2194 1816 2233 ad
1835 2206 2020 2244 apogaeon
2041 2194 2258 2242 praecedens

1223 2253 1248 2273 “
1269 2248 1425 2286 Lunam
1452 2248 1595 2294 fictam,
1625 2248 1880 2286 meridianum
1899 2260 2012 2285 suum
2031 2247 2258 2295 primarium

1224 2306 1249 2325 “
1267 2302 1432 2339 ostendit
1450 2302 1488 2337 in
1509 2302 1713 2339 medietate
1731 2298 1883 2338 sinistra
1902 2300 1962 2337 sui
1980 2300 2074 2337 disci
2094 2309 2151 2338 tot
2169 2312 2257 2350 grar-

1223 2359 1249 2378 “
1266 2354 1378 2394 dibus
1404 2355 1608 2393 abeuntem
1635 2368 1659 2393 a
1684 2353 1813 2392 medio
1830 2361 1925 2404 quot
1943 2361 2034 2390 sunt
2056 2353 2155 2390 inter
2173 2353 2258 2390 lon-

1223 2414 1249 2434 “
1267 2408 1482 2459 gitudinem
1510 2409 1639 2446 Lunae
1662 2420 1762 2446 verae
1781 2414 1818 2445 et
1837 2407 1945 2444 fictae.
2008 2407 2073 2443 Ab
2099 2418 2261 2456 apogaeo
2291 2427 2299 2436 ·

1224 2467 1250 2487 “
1269 2461 1357 2500 verd
1374 2461 1424 2499 ad
1441 2461 1636 2512 perigaeon
1651 2460 1885 2499 descendens
1906 2459 2018 2496 Luna
2032 2471 2120 2496 vera
2133 2459 2259 2508 sequi-

1224 2520 1252 2540 “
1269 2522 1333 2553 tur
1351 2514 1490 2558 fictam,
1511 2513 1626 2565 atque
1641 2522 1726 2552 tum
1743 2513 1978 2550 meridianus
1996 2512 2144 2559 primus
2162 2523 2260 2548 verae

1225 2573 1251 2593 “
1273 2569 1400 2606 Lunae
1425 2568 1568 2605 recedit
1585 2569 1634 2605 ab
1652 2568 1736 2618 ejus
1756 2566 1886 2604 medio
1903 2565 1953 2603 ad
1971 2564 2157 2610 dextram,
2186 2565 2259 2602 hoc

1226 2626 1252 2647 ‘⁸
1269 2629 1338 2667 est,
1375 2622 1538 2659 maculae
1573 2633 1707 2658 omnes
1737 2626 1903 2670 vergunt
1931 2618 1972 2655 in
2004 2629 2193 2662 occasum,
2222 2624 2261 2654 et

1225 2679 1253 2699 “
1271 2674 1360 2712 cum
1387 2673 1600 2711 differentia
1626 2673 1726 2711 inter
1744 2672 1910 2710 mediam
1929 2679 1968 2709 et
1985 2683 2112 2708 veram
2134 2670 2260 2707 Lunae

1226 2732 1252 2752 “
1270 2727 1552 2778 longitudinem
1589 2726 1629 2763 in
1670 2724 1910 2776 quadraturis
1946 2724 2081 2761 evadat
2125 2724 2259 2774 major,

1229 2786 1254 2805 ‘⁶
1273 2788 1426 2829 propter
1443 2779 1677 2817 evectionem
1695 2778 1909 2829 systematis
1927 2776 2072 2814 lunaris
2090 2790 2112 2813 a
2130 2784 2260 2813 centro

1230 2838 1255 2858 “
1276 2833 1455 2876 Telluris,
1489 2833 1580 2871 hinc
1605 2842 1661 2871 est
1687 2832 1792 2882 quod
1818 2832 1857 2868 in
1883 2829 2123 2880 quadraturis
2148 2829 2260 2865 libra-

1229 2891 1256 2911 “
1274 2886 1396 2924 tiones
1413 2886 1455 2922 in
1473 2885 1637 2936 longum
1657 2891 1867 2923 cernuntur
1884 2885 2059 2932 majores.
2118 2881 2260 2919 Simili-

1230 2944 1255 2965 “
1273 2946 1331 2977 ter
1365 2938 1594 2989 intelligitur
1629 2951 1743 2976 causa
1788 2936 1996 2974 librationis
2039 2935 2080 2971 in
2125 2934 2259 2977 latum,

1229 2997 1254 3017 “
1272 2992 1428 3042 quando
1455 2991 1571 3029 Luna
1599 2998 1776 3040 superato
1794 2990 1896 3028 nodo
1915 2988 2151 3030 ascendente,
2181 2985 2260 3024 sive

1230 3050 1257 3070 “
1276 3045 1442 3082 sectione
1467 3045 1655 3083 horizonti
1674 3044 1791 3095 lignei
1811 3050 1849 3080 et
1866 3042 2004 3080 orbita)
2019 3053 2109 3083 suae,
2139 3038 2263 3077 tendit

1230 3103 1257 3123 ‘⁶
1275 3098 1324 3135 ad
1341 3097 1503 3139 limitem
1520 3099 1690 3142 boreum,
1720 3104 1805 3134 tum
1825 3096 1928 3132 enim
1947 3093 2056 3131 nobis
2073 3093 2113 3128 in
2132 3099 2262 3129 centro

1231 3156 1257 3176 “
1276 3153 1434 3199 sphaerae
1464 3151 1607 3199 positis,
1641 3151 1754 3200 polus
1785 3149 1911 3186 Lunae
1940 3148 2079 3183 boreus
2107 3153 2146 3182 et
2175 3157 2262 3194 quae

1230 3209 1259 3229 “
1277 3210 1368 3242 sunt
1384 3203 1484 3242 circa
1498 3217 1588 3242 eum
1603 3204 1763 3241 maculae
1778 3199 2076 3242 absconduntur,
2096 3206 2134 3235 et
2151 3197 2263 3246 polus

1231 3262 1257 3282 “
1275 3257 1451 3296 australis
1477 3269 1566 3295 cum
1589 3257 1668 3293 suis
1688 3254 1849 3292 maculis
1875 3254 1917 3289 in
1935 3258 2180 3299 conspectum
2198 3263 2263 3287 ve-

1231 3316 1257 3336 “
1275 3311 1343 3356 nit,
1363 3308 1469 3348 unde
1487 3310 1648 3347 maculae
1667 3320 1800 3345 omnes
1818 3304 2033 3353 conspicuae
2051 3303 2092 3340 in
2110 3306 2264 3341 boream

1230 3368 1259 3390 ‘⁶
1275 3364 1431 3403 tendere
1457 3363 1658 3408 videntur;
1701 3354 1936 3398 contrarium
1962 3356 2108 3400 accidit,
2146 3353 2265 3393 Luna

1236 3422 1262 3442 “
1281 3418 1330 3456 ad
1359 3415 1521 3454 limitem
1548 3414 1753 3452 australem
1772 3410 1985 3449 accedente.
2049 3410 2113 3447 Ab
2129 3408 2265 3446 iisdem

1233 3475 1259 3496 ‘⁸
1279 3470 1402 3509 causis
1428 3467 1598 3518 procedit
1621 3465 1859 3503 macularum
1878 3476 1923 3501 ex
1944 3470 2049 3512 parte
2068 3459 2198 3499 lucida
2223 3461 2263 3498 in

1234 3529 1259 3548 “
1279 3525 1479 3561 obscuram
1509 3519 1690 3558 transitus
1718 3526 1756 3555 et
1787 3516 1961 3555 vicissim.
2021 3517 2125 3554 Nam
2150 3514 2191 3551 in
2218 3513 2266 3550 li-

1239 3581 1264 3600 “
1282 3576 1375 3613 mite
1402 3573 1556 3611 australi
1575 3571 1687 3620 polus
1708 3571 1833 3608 Lunae
1850 3572 1986 3607 boreus
2004 3581 2027 3606 a
2049 3567 2136 3606 Sole
2159 3567 2267 3604 illus-

151 3625 179 3645 “
196 3622 368 3661 tinuatus
394 3625 632 3676 intelligatur
649 3640 858 3679 congruere
875 3630 992 3679 plano
1009 3630 1185 3667 horizon·
1238 3632 1265 3652 “
1283 3635 1417 3670 tratur,
1450 3633 1489 3663 et
1515 3623 1701 3675 quidquid
1730 3630 1787 3661 est
1817 3635 1922 3660 zonae
1949 3621 2098 3672 frigidae
2129 3619 2268 3657 arctico

151 3677 178 3698 ⁸‘
195 3674 244 3712 tis
267 3674 397 3725 lignei,
421 3684 459 3715 et
485 3678 598 3726 polus
615 3681 815 3729 aequatoris
832 3681 975 3719 lunaris
992 3682 1035 3719 in
1052 3682 1180 3719 firma-

150 3730 181 3752 0‘
196 3737 328 3765 mento
354 3729 555 3768 immineat
580 3731 670 3779 polo
694 3731 822 3771 Boreo
848 3735 951 3784 globi
978 3734 1028 3772 ad
1055 3734 1182 3772 zenith

153 3784 180 3804 ⁶·
195 3778 352 3820 elevato.
396 3782 573 3822 Orbitam
586 3782 675 3823 vero
691 3785 819 3824 Lunae
838 3787 1027 3837 concipito
1045 3787 1183 3837 partim

1241 3685 1267 3705 “
1285 3680 1412 3717 lunari
1429 3677 1635 3722 inclusum,
1650 3676 1744 3714 dum
1761 3675 1903 3726 frigida
1916 3673 2090 3712 australis
2107 3672 2147 3709 in
2162 3681 2269 3710 tene-

1235 3738 1263 3758 “
1282 3732 1359 3770 bris
1377 3738 1556 3769 versatur.
1610 3729 1727 3774 Quod
1746 3728 1777 3766 si
1796 3728 1914 3778 igitur
1935 3727 2062 3765 Solem
2081 3723 2273 3772 concipias

1238 3790 1264 3811 “
1284 3785 1325 3823 in
1344 3782 1479 3823 eadem
1497 3780 1612 3834 plaga
1630 3794 1719 3821 cum
1737 3781 1859 3820 limite
1876 3778 2030 3819 australi
2056 3789 2093 3817 et
2117 3778 2273 3815 Lunam
