2528 4172
259 228 365 274 260
679 223 1124 287 INQUISITIO
1171 224 1507 278 PHYSICA
1550 226 1635 278 IN
1676 226 2001 281 CAUSAM

260 376 630 434 comparatam,
674 375 732 417 ut
770 366 824 416 in
867 366 1154 435 aequalibus
1192 368 1330 418 circa
1367 378 1603 420 centrum
1640 368 1924 419 intervallis
1963 368 2232 420 materiam
2266 367 2414 439 aeque

265 450 480 507 densam
518 454 765 517 includat,
807 454 978 506 Terra
1002 474 1209 525 quoque
1233 457 1473 508 universa
1506 458 1612 509 tam
1641 477 1671 508 a
1700 457 1820 509 Sole
1848 456 2005 527 quam
2029 476 2060 509 a
2087 456 2239 509 Luna
2267 458 2414 527 aeque

259 543 633 605 sollicitabitur,
675 561 734 593 ac
773 543 815 594 si
851 544 1019 595 omnis
1058 545 1167 614 ejus
1205 545 1421 597 materia
1457 545 1512 596 in
1549 555 1728 597 centro
1755 555 1891 597 esset
1917 545 2147 597 collecta.
2230 546 2411 607 Quan-

257 652 416 704 quam
442 632 579 683 enim
603 649 743 683 nunc
769 632 980 701 quidem
1006 634 1402 686 accuratissimiS
1440 634 1506 686 ab
1543 634 1892 686 illustrissima
1921 635 2207 688 Academia
2249 634 2415 708 Regia

254 723 500 777 institutis
543 722 738 791 passim
780 724 1035 775 mensuris
1081 724 1204 775 satis
1248 733 1327 776 est
1365 723 1793 788 demonstratum,
1852 724 2037 777 Terrae
2077 725 2302 796 figuram
2345 725 2414 778 ad

256 812 403 882 polos
430 830 542 863 esse
569 829 935 880 compressam,
958 822 1133 864 tamen
1158 812 1361 864 tantilla
1386 832 1417 864 a
1440 813 1668 882 perfecta
1694 814 1899 883 sphaera
1925 814 2201 878 aberratiO,
2229 816 2282 865 in
2302 815 2414 866 aliis

256 903 465 974 quidem
509 903 731 974 negotiis
774 904 990 956 maximi
1025 906 1292 968 momenti,
1333 906 1389 957 in
1431 904 1533 958 hoc
1570 906 1805 959 instituto
1841 906 1955 959 tuto
1993 908 2189 979 negligi
2221 916 2410 977 potest.
2437 955 2441 963 ,

258 993 484 1064 Parique
521 994 738 1056 ratione,
780 993 978 1045 etiamsi
1017 993 1187 1048 Terra
1222 994 1278 1045 in
1316 995 1606 1065 aequalibus
1643 1014 1676 1047 a
1713 1005 1893 1048 centro
1922 996 2176 1048 distantiis
2207 1015 2313 1047 non
2347 997 2417 1048 sit
2451 1045 2456 1049 Α

255 1083 405 1155 aeque
433 1084 611 1147 densa,
640 1094 813 1136 tamen
838 1082 1129 1137 differentia
1155 1083 1296 1137 certe
1321 1103 1430 1137 non
1457 1094 1535 1137 est
1560 1094 1718 1150 tanta,
1746 1095 1806 1136 ut
1830 1104 1976 1138 error
2001 1086 2255 1139 sensibilis
2293 1085 2416 1138 inde

258 1176 325 1226 sit
348 1174 674 1226 metuendus.

328 1272 367 1334 ᾗ.
408 1273 493 1318 22.
549 1267 627 1319 Ut
670 1265 830 1337 igitur
872 1266 1008 1318 vires
1052 1266 1398 1330 inveniantur,
1445 1283 1563 1337 quae
1603 1267 1823 1320 tendant
1865 1268 1933 1319 ad
1983 1267 2139 1320 situm
2188 1266 2416 1336 partium

263 1357 446 1409 Terrae
484 1355 759 1407 relativum
795 1356 1195 1419 immutandum,
1236 1356 1535 1408 definienda
1571 1366 1650 1409 est
1671 1356 1749 1408 vis
1774 1356 2127 1420 acceleratriX,
2168 1355 2267 1426 qua
2295 1373 2416 1406 cen-·

255 1453 395 1500 t'rum
433 1446 616 1498 Terrae
656 1445 761 1496 sive
798 1445 866 1497 ad
908 1445 1083 1499 Solem
1123 1445 1229 1496 sive
1267 1445 1334 1496 ad
1374 1445 1583 1497 Lunam
1618 1455 1900 1517 urgeatur:
1959 1444 2061 1516 qua
2101 1443 2325 1515 cognita,
2373 1443 2417 1495 si

256 1537 644 1606 comperiantur
681 1553 862 1587 omnes
902 1536 1090 1587 Terrae
1127 1546 1299 1603 partes
1326 1536 1615 1606 aequalibus
1654 1537 1851 1588 viribus
1881 1536 2328 1589 acceleratricibus
2366 1544 2420 1587 et

258 1628 312 1677 in
352 1625 730 1678 directionibus
776 1624 1037 1694 parallelis
1077 1625 1243 1695 ugeri,
1286 1625 1430 1677 nulla
1474 1627 1689 1677 omnino
1735 1626 1863 1679 sitfis
1898 1626 2134 1691 mutatio,
2174 1625 2420 1696 nullaque

257 1717 480 1786 proinde
517 1716 674 1767 maris
713 1715 927 1787 agitatio
962 1715 1174 1766 orietur.
1253 1702 1358 1767 Sed
1396 1715 1565 1767 Terra
1600 1715 1655 1766 in
1690 1735 1746 1767 se
1773 1724 2003 1784 spectata
2028 1716 2261 1767 omnium
2297 1734 2420 1785 par-

257 1809 388 1861 tium
413 1808 568 1859 situm
594 1816 834 1859 mutuum
859 1805 1169 1857 invariatum
1196 1806 1535 1857 conservabit.
1614 1806 1689 1858 At
1716 1807 1758 1857 si
1797 1806 1950 1868 vires,
1982 1806 2168 1875 quibus
2196 1806 2419 1877 singulae

258 1910 431 1969 partes
459 1918 490 1950 a
512 1898 633 1951 Sole
660 1907 749 1949 aut
775 1895 928 1949 Luna
950 1906 1217 1967 urgentur,
1241 1896 1536 1965 discrepent
1554 1916 1585 1948 a
1609 1896 1661 1947 vi
1686 1906 1922 1949 centrum
1939 1898 2124 1949 Terrae
2146 1897 2418 1961 afficiente,

260 1987 368 2041 tam
396 1987 596 2039 ratione
622 1985 920 2056 quantitatis
949 1983 1105 2055 quam
1132 1984 1446 2048 directionis,
1485 1995 1598 2036 tum
1622 1985 1722 2037 nisi
1748 1985 2041 2036 firmissime
2078 1986 2213 2038 inter
2239 2005 2292 2037 se
2320 1987 2421 2037 sint

261 2095 532 2140 connexae,
571 2077 626 2128 in
664 2076 764 2128 situ
802 2094 897 2127 suo
933 2085 1116 2127 mutuo
1151 2076 1447 2145 perturbari
1484 2076 1764 2129 debebunt.
1844 2077 2073 2147 Hocque
2101 2095 2223 2128 casu
2249 2094 2416 2147 aquae,

263 2188 380 2240 quae
426 2169 494 2220 ob
537 2167 847 2219 fluiditatem
887 2166 939 2217 vi
979 2166 1135 2217 etiam
1176 2166 1408 2218 minimae
1451 2167 1661 2230 cedunt,
1709 2168 2020 2220 sensibiliter
2069 2169 2419 2239 agitabuntur,

263 2267 416 2328 atque
454 2254 713 2307 affluendo
752 2254 1132 2325 defluendoque
1169 2254 1281 2307 aliis
1319 2254 1446 2307 locis
1485 2255 1840 2318 elevabuntur,
1886 2256 1997 2307 aliis
2043 2256 2417 2325 deprimentur.

269 2348 407 2401 Cum
438 2358 618 2400 autem
644 2348 742 2399 iste
766 2356 957 2409 motuS,
998 2347 1088 2416 qui
1122 2346 1179 2397 in
1218 2346 1434 2419 singulis
1461 2346 1645 2399 Terrae
1670 2346 1905 2416 partibus
1932 2356 2228 2417 generatur,
2270 2366 2301 2398 a
2325 2346 2447 2402 dis-2,

266 2436 484 2489 ferentia
513 2437 646 2488 inter
671 2436 806 2488 vires
835 2445 1072 2488 centrum
1098 2434 1284 2487 Terrae
1310 2445 1362 2487 et
1386 2437 1524 2504 ipsas
1555 2446 1728 2505 partes
1755 2436 2087 2488 sollicitantes
2124 2437 2449 2505 proficisca-‘

268 2536 371 2588 tur,
417 2524 632 2594 propria
674 2523 768 2586 vis,
817 2522 918 2592 qua
964 2541 1183 2593 quaeque
1227 2523 1482 2592 particula
1524 2524 1819 2594 agitabitur,
1865 2524 2166 2588 innotescet,
2215 2526 2258 2576 si
2299 2545 2330 2576 a
2371 2525 2422 2577 vi

269 2613 626 2667 accelerati-icc
652 2611 794 2663 illam
817 2611 1125 2680 particulam
1151 2610 1458 2664 sollicitante
1481 2612 1746 2665 auferatur
1772 2612 1862 2664 vix
1887 2612 2236 2676 acceleratrix,
2266 2632 2420 2684 quam

268 2712 505 2754 centrum
531 2701 716 2753 Terrae
740 2700 966 2769 patitur:
1006 2699 1226 2770 haecque
1253 2701 1535 2753 subtractio
1559 2702 1632 2753 ita
1655 2702 1959 2765 instituitur,
1997 2712 2056 2754 ut
2081 2703 2268 2772 cuique
2303 2722 2423 2773 par-

269 2792 439 2844 ticulae
475 2801 667 2860 praeter
705 2791 811 2842 vim
844 2799 967 2843 actu
992 2809 1107 2842 eam
1133 2790 1495 2844 sollicitantem
1521 2793 1621 2845 alia
1644 2793 1722 2845 vis
1747 2793 1961 2864 aequalis
1987 2792 2080 2857 illi,
2121 2812 2277 2864 quam
2300 2813 2422 2846 cen-

270 2893 408 2934 trum
443 2881 750 2950 perpetitur,
789 2880 844 2931 in
879 2879 1163 2933 directione
1188 2881 1447 2933 contraria
1474 2882 1730 2951 applicata
1753 2882 2109 2951 concipiatur:
2148 2892 2260 2934 tum
2285 2883 2423 2934 enim

270 2973 345 3023 vis
385 2991 502 3043 quae
541 2990 607 3023 ex
646 2971 1021 3040 compositione
1056 2970 1244 3024 harum
1270 2972 1494 3025 duarum
1517 2973 1699 3037 oritur,
1740 2973 1839 3025 erit
1862 2990 1984 3024 vera
2008 2972 2083 3024 vis
2116 2973 2423 3041 particulam

270 3064 411 3114 illam
438 3063 504 3115 de
528 3063 645 3114 loco
673 3081 767 3114 suo
794 3062 1089 3115 deflectenS.

342 3158 380 3220 ᾗ.
408 3159 495 3205 23.
539 3153 903 3204 Consentanea
929 3161 1008 3204 est
1032 3151 1148 3204 haec
1175 3151 1412 3205 reductio
1444 3152 1712 3222 principiis
1737 3151 2065 3216 mechanicis,
2106 3152 2293 3222 quibus
2321 3161 2423 3204 sta-

273 3244 435 3295 tuitur
471 3255 671 3296 motum
707 3243 981 3296 relativum
1017 3244 1071 3295 in
1111 3253 1388 3314 systemate
1414 3254 1745 3315 quotcunque
1769 3261 2052 3312 corporum
2079 3253 2131 3295 et
2155 3263 2185 3295 a
2212 3244 2423 3314 quibus—

274 3352 478 3404 cunque
503 3337 698 3389 viribus
726 3336 1117 3388 sollicitatorum
1156 3353 1366 3388 manere
1392 3335 1716 3397 invariatum,
1746 3333 1788 3387 si
1813 3351 1921 3385 non
1947 3332 2116 3386 solum
2140 3334 2236 3386 toti
2262 3343 2423 3404 syste-

273 3422 402 3473 mati
437 3433 609 3475 motus
647 3423 917 3493 aequabilis
954 3423 1010 3474 in
1047 3423 1302 3474 directum
1337 3422 1492 3474 simul
1528 3421 1869 3490 imprimatur,
1910 3421 2003 3473 sed
2027 3421 2182 3472 etiam
2208 3421 2422 3492 singulis

274 3510 510 3580 partibus
536 3512 670 3565 vires
698 3513 922 3583 aequales
949 3530 1170 3582 quarum
1194 3511 1505 3564 directiones
1544 3511 1647 3562 sint
1681 3510 1817 3562 inter
1850 3529 1904 3563 se
1939 3510 2218 3580 parallelae,
2258 3511 2423 3580 appli-

279 3610 479 3653 centur.
556 3602 753 3654 Nostro
779 3604 939 3674 igitur
964 3622 1087 3654 casu
1111 3611 1282 3654 motus
1308 3601 1580 3654 intestinus
1604 3599 1831 3670 partium
1858 3601 2042 3652 Terrae
2066 3619 2173 3652 non
2191 3600 2422 3652 turbabi-

276 3703 382 3754 tur,
424 3692 466 3743 si
503 3691 717 3761 singulis
743 3694 1007 3761 particulis
1033 3693 1166 3745 vires
1193 3693 1417 3763 aequales
1442 3693 1497 3744 in
1521 3692 1888 3744 directionibus
1913 3692 2171 3762 parallelis
2196 3691 2420 3760 applice-

281 3802 396 3835 mus
441 3792 500 3834 ut
540 3781 786 3833 fecimus:
845 3782 985 3851 quod
1030 3783 1072 3833 si
1115 3792 1289 3834 autem
1330 3781 1442 3833 istae
1479 3781 1613 3832 vires
1652 3781 1875 3851 aequales
1914 3781 2015 3832 sint
2050 3780 2140 3845 illi,
2177 3778 2280 3849 qua
2316 3788 2422 3830 tota
