2528 4172
126 285 258 338 CAP.
280 283 385 352 IL]
544 301 545 304 ¹
749 284 859 338 AD
900 282 1272 337 TERTIUM
1311 281 1643 337 LIBRUM.
2170 307 2279 341 xxv

121 441 301 483 centro
339 429 522 482 sideris
558 429 788 481 efficiunt
812 439 970 482 rectae
996 430 1049 483 A
1078 430 1131 492 Q
1158 440 1210 482 et
1236 430 1288 482 T
1316 429 1370 491 Q
1396 448 1464 481 ex
1488 430 1643 483 oculo
1670 430 1722 483 A
1749 439 1801 483 et
1825 448 1893 483 ex
1919 441 2099 483 centro
2123 442 2278 485 terrae

122 523 174 576 T
198 524 266 575 ad
301 523 481 577 sideris
519 531 755 574 centrum
782 522 837 585 Q
874 523 1061 574 ductae.
1141 521 1430 574 Parallaxis
1457 522 1743 575 altitudinis
1771 542 1889 593 quae
1915 532 1966 574 et
1995 523 2277 592 parallaxis

119 613 422 683 simpliciter
447 612 651 676 dicitur,
681 623 759 665 est
785 597 1076 666 differentia
1099 613 1236 665 inter
1260 611 1563 664 distantiam
1592 613 1635 664 Z
1661 613 1713 665 V
1738 596 1769 665 a
1794 612 1967 666 zenith
1996 614 2038 666 Z
2065 633 2132 665 ex
2156 614 2274 667 loco

120 707 173 758 A
199 707 362 758 visam
400 715 452 758 et
488 705 785 757 distantiam
821 725 998 758 veram
1026 706 1069 757 Z
1100 707 1155 769 S,
1183 703 1291 758 sive
1318 714 1395 757 est
1420 723 1570 756 arcus
1600 704 1637 756 S
1663 704 1715 756 V
1739 705 1795 756 in
1822 705 2016 758 circulo
2042 706 2274 758 verticali

120 799 164 851 Z
193 800 231 851 S
260 794 309 850 V
335 798 412 861 H,
451 796 590 849 unde
617 796 948 849 manifestum
973 807 1052 849 est
1077 796 1405 849 altitudinem
1432 795 1616 848 sideris
1641 815 1818 848 veram
1842 815 1939 866 per
1963 796 2272 866 parallaxim

117 889 282 942 miuui
324 898 376 941 et
419 889 527 958 ejus
568 908 599 940 a
641 889 832 941 vertice
873 888 1171 941 distantiam
1213 889 1410 960 augeri,
1455 887 1610 958 atque
1650 886 1771 939 ide&
1812 888 2121 958 parallaxim
2158 909 2271 942 esse

116 979 411 1033 refractioni
437 980 764 1032 contrariam.
832 980 1120 1033 Parallaxis
1146 980 1485 1033 horizontalis
1510 990 1589 1033 est
1611 981 1893 1051 parallaxis
1922 982 1980 1034 X
2004 982 2059 1045 h,
2089 982 2271 1034 sideris

119 1073 165 1125 P
189 1073 244 1124 in
268 1071 538 1124 horizonte
566 1072 793 1124 sensibili
820 1074 871 1125 A
897 1073 934 1125 h
960 1073 1277 1143 apparentis.

189 1169 274 1216 29.
305 1162 594 1214 Parallaxis
625 1163 663 1215 S
690 1163 740 1213 V
766 1173 844 1215 est
870 1181 1115 1215 mensura
1149 1162 1328 1234 anguli
1357 1162 1676 1233 parallactici
1704 1162 1755 1214 A
1784 1163 1838 1224 Q
1865 1163 1932 1215 T.
2008 1164 2271 1236 Jungatur

117 1254 169 1306 T
194 1254 260 1318 V,
297 1264 349 1306 et
381 1255 602 1325 angulus
642 1264 888 1306 externus
927 1255 980 1307 A
1009 1255 1061 1317 Q
1090 1254 1142 1306 T
1167 1253 1379 1325 aequalis
1419 1254 1518 1306 erit
1544 1254 1749 1306 duobus
1777 1254 1993 1306 internis
2019 1256 2269 1324 oppositis

118 1343 172 1405 Q
199 1344 251 1395 T
276 1344 328 1395 V
365 1353 417 1395 et
455 1344 509 1406 Q
536 1344 588 1396 V
614 1344 693 1406 T;
733 1344 823 1396 sed
860 1344 1081 1416 angulus
1124 1344 1178 1406 Q
1204 1345 1255 1395 V
1281 1344 1332 1396 T
1371 1342 1477 1395 sive
1505 1345 1557 1396 A
1583 1345 1636 1395 V
1663 1344 1731 1407 Τ,
1771 1354 2108 1398 evanescente
2137 1345 2187 1397 A
2217 1346 2270 1398 T

113 1443 355 1502 respectu
382 1433 434 1485 T
460 1433 528 1496 V,
556 1433 730 1485 nullus
758 1442 836 1485 est
864 1434 960 1503 (9),
991 1432 1117 1505 erg&
1143 1433 1365 1504 angulus
1403 1433 1768 1502 parallacticus
1796 1435 1847 1486 A
1877 1435 1931 1496 Q
1958 1433 2025 1498 T,
2054 1436 2268 1506 aequalis

117 1533 193 1576 est
218 1522 411 1595 angulo
439 1522 494 1584 Q
521 1522 573 1574 T
600 1523 667 1586 V,
698 1541 791 1576 seu
819 1523 857 1576 S
884 1523 937 1576 T
962 1523 1030 1586 V,
1060 1523 1204 1593 cujus
1230 1540 1476 1575 mensura
1502 1532 1579 1575 est
1605 1542 1754 1575 arcus
1783 1524 1821 1575 S
1848 1524 1914 1575 V.

183 3389 267 3436 30.
307 3384 561 3439 Manente
603 3384 786 3440 sideris
829 3406 861 3439 a
905 3396 1088 3440 centro
1131 3394 1285 3438 terrae
1327 3381 1587 3447 distantia,
1636 3380 1777 3433 sinus
1819 3380 2144 3450 parallaxeos
2183 3393 2259 3435 est

110 3471 178 3523 ad
218 3472 387 3525 sinum
429 3476 685 3529 distantiae
721 3477 846 3530 visae
883 3476 1066 3529 sideris
1103 3496 1135 3528 a
1167 3475 1361 3527 vertice
1399 3474 1454 3525 in
1492 3472 1691 3525 ratione
1729 3470 1849 3533 data
1888 3472 2259 3525 semidiametri

113 3562 312 3615 telluris
351 3564 418 3616 ad
453 3566 747 3620 distantiam
774 3568 956 3620 sideris
982 3587 1014 3620 a
1039 3577 1221 3620 centro
1247 3576 1417 3619 terrae.
1496 3564 1633 3616 Nam
1658 3564 1712 3615 in
1737 3564 1999 3637 triangulo
2025 3565 2077 3617 A
2105 3564 2160 3627 Q
2188 3565 2255 3628 T,

112 3660 189 3702 est
226 3651 279 3703 A
307 3652 360 3704 T
396 3652 463 3704 ad
502 3653 557 3716 Q
581 3655 649 3718 T,
688 3656 743 3707 in
780 3656 981 3709 ratione
1017 3654 1161 3708 sinus
1198 3654 1378 3726 anguli
1414 3653 1732 3722 parallactici
1757 3654 1809 3705 A
1836 3655 1890 3717 Q
1917 3655 1970 3706 T
1996 3652 2088 3707 seu
2115 3654 2255 3705 sinus

109 3741 432 3810 parallaxeos
468 3743 535 3795 ad
572 3744 741 3796 sinum
778 3746 957 3818 anguli
983 3746 1036 3799 T
1062 3745 1114 3799 A
1142 3744 1197 3807 Q
1236 3742 1342 3796 sive
1378 3742 1446 3794 ad
1485 3743 1654 3794 sinum
1691 3743 1950 3797 distantiae
1984 3745 2108 3796 visae
2137 3745 2179 3797 Z
2206 3746 2251 3796 V

109 3849 140 3881 a
182 3833 387 3897 vertice,
428 3844 478 3887 et
514 3833 649 3899 ideb,
696 3835 828 3887 datis
867 3837 919 3890 A
959 3836 1012 3889 T
1048 3846 1100 3890 et
1146 3835 1201 3899 Q
1237 3835 1304 3901 T,
1347 3833 1467 3886 data
1504 3844 1583 3886 est
1619 3835 1752 3886 ratio
1790 3835 1995 3887 sinuum
2032 3834 2255 3887 illorum.
