2528 4172
268 295 301 339 4·
736 285 1302 340 PHILOSOPHIAE
1343 286 1793 339 NATURALIS
1902 285 2020 347 [DE
2048 285 2211 336 MUN.
2241 286 2395 338 SYs'r.

263 440 435 502 partes
480 430 659 481 divisae
701 428 1010 497 separabiles
1054 437 1238 491 essent,
1286 428 1377 479 sed
1402 429 1555 480 etiam
1592 429 1734 498 quod
1776 426 2008 478 indivisae
2044 427 2100 477 in
2135 414 2399 478 infinitum

263 521 425 573 dividi
448 529 684 588 possent.

334 609 578 677 Denique
620 606 663 657 si
706 623 925 673 corpora
969 606 1142 658 omnia
1182 607 1239 657 in
1281 606 1498 660 circuitu
1539 617 1709 659 terrae-
1734 607 1914 678 gravia
1950 624 2058 658 esse
2093 606 2149 656 in
2186 615 2394 669 terram,

261 700 419 768 idque
442 715 541 765 pro
566 694 851 764 quantitate
875 695 1105 746 materiae
1129 696 1184 746 in
1210 695 1442 766 singulis,
1478 705 1530 747 et
1552 696 1729 747 lunam
1752 714 1963 766 gravem
1989 715 2100 747 esse
2128 696 2183 745 in
2207 705 2397 746 terram

260 807 359 859 pro
404 785 688 856 quantitate
725 785 957 836 materiae
1001 803 1124 848 suae,
1171 795 1221 837 et
1246 786 1469 837 vicissim
1509 803 1654 837 mare
1695 796 1933 837 nostrum
1976 804 2135 856 grave
2184 804 2294 836 esse
2342 784 2399 835 in

260 879 452 941 lunam,
482 888 531 928 et
555 877 788 945 planetas
816 895 994 928 omnes
1020 895 1202 947 graves
1230 895 1339 928 esse
1365 877 1420 927 in
1446 895 1500 928 se
1524 886 1723 939 mutuo,
1761 886 1811 928 et
1836 886 2153 928 cometarum
2178 874 2398 926 similem

261 989 372 1021 esse
396 969 699 1040 gravitatem
724 966 779 1018 in
807 967 996 1030 Solem,
1035 985 1130 1035 per
1155 967 1509 1035 experimenta
1534 976 1585 1019 et
1610 964 1995 1018 observationes
2025 966 2397 1016 astronomicas

260 1061 615 1112 universaliter
641 1068 867 1111 constet:
908 1058 1187 1109 dicendum
1213 1059 1311 1109 erit
1334 1076 1429 1126 per
1453 1057 1588 1109 hanc
1613 1056 1848 1128 regulam
1873 1056 2015 1137 quod
2041 1074 2261 1123 corpora
2286 1074 2398 1106 oni-

259 1151 346 1200 nia
382 1150 435 1200 in
474 1168 527 1200 se
563 1158 744 1199 mutuo
780 1147 1053 1217 gravitant.
1131 1146 1269 1197 Nam
1294 1156 1345 1197 et
1369 1146 1551 1198 fortius
1579 1146 1677 1197 erit
1699 1156 2063 1217 argumentum
2090 1165 2157 1196 ex
2181 1145 2398 1214 phaeno-

259 1238 423 1289 menis
461 1237 526 1289 de
563 1237 815 1307 gravitate
852 1234 1144 1297 universali,
1185 1232 1340 1304 quam
1366 1235 1431 1285 de
1462 1253 1742 1303 corporum
1778 1235 2293 1303 imPenetrabilitate:
2333 1235 2399 1286 de

260 1327 360 1397 qua
411 1326 588 1395 utique
648 1325 704 1374 in
765 1323 1072 1391 corporibus
1124 1323 1417 1374 coelestibus
1466 1323 1670 1374 nullum
1719 1323 2151 1391 experimentum,
2205 1321 2400 1375 nullam

259 1432 472 1484 prorsus
498 1412 909 1464 observationem
932 1411 1201 1480 habemus.
1279 1412 1527 1463 Attamen
1552 1413 1861 1482 gravitatem
1887 1413 2190 1482 corporibus
2228 1431 2401 1464 essen-

260 1506 434 1557 tialem
459 1523 569 1556 esse
593 1502 803 1554 minime
830 1502 1046 1554 affirmo.
1113 1502 1217 1553 Per
1241 1501 1347 1553 vim
1371 1503 1579 1554 insitam
1603 1503 1836 1574 intelligo
1863 1503 2023 1553 solam
2048 1504 2154 1553 vim
2181 1503 2398 1555 inertiae.

264 1595 402 1647 Haec
426 1593 758 1647 immutabilis
784 1602 875 1645 est.
955 1592 1019 1661 (d)
1050 1592 1296 1647 Gravitas
1321 1593 1614 1645 recedendo
1641 1612 1670 1644 a
1695 1592 1850 1657 terra,
1879 1593 2196 1644 diminuitur.

1105 1757 1429 1810 REGULA
1469 1758 1565 1810 IV.

260 1902 327 1954 In
352 1900 675 1968 philosophici
701 1903 1093 1968 experimentali,
1123 1903 1494 1969 propositiones
1520 1919 1579 1952 ex
1594 1901 1935 1967 phoenomenis
1947 1917 2047 1967 per
2073 1901 2401 1952 inductionem

331 1993 559 2053 collectce,
602 2009 701 2040 non
738 1991 1043 2042 obstantibus
1078 1992 1350 2042 contrariis
1387 1991 1743 2058 hypothesibus,
1770 2007 1872 2056 pro
1908 1990 2037 2041 veris
2061 1998 2150 2040 aut
2174 1987 2405 2040 accurate*

333 2087 422 2129 aut
466 2076 836 2147 quamproxime*
859 2080 1036 2129 haberi
1060 2080 1250 2141 debent,
1298 2082 1449 2130 donec
1474 2081 1581 2128 alia
1606 2080 1910 2129 occurrerint
1925 2080 2269 2145 phoenomena,
2304 2098 2405 2147 per

332 2185 442 2236 quae
467 2177 556 2219 aut
579 2170 913 2219 accuratiores
936 2169 1215 2218 reddantur
1240 2176 1329 2217 aut
1355 2166 1718 2233 exceptionibus
1743 2166 1981 2217 obnoa'iae.

333 2307 396 2375 (e)
427 2306 552 2357 Hoc
577 2305 692 2357 fieri
717 2305 871 2358 debet
896 2325 962 2358 ne
989 2315 1352 2377 argumentum
1383 2305 1694 2357 inductionis
1720 2304 1930 2357 tollatur
1953 2323 2047 2373 per
2070 2305 2401 2376 hypotheses·

1365 2443 1480 2481 ducta
1508 2442 1557 2480 ad
1584 2441 1831 2481 stabiliendas
1857 2442 1975 2480 modo
1995 2441 2291 2481 demonstrativo
2310 2455 2403 2481 con-

1364 2497 1555 2533 clusiones
1590 2495 1789 2545 generales
1824 2495 1914 2533 satis
1945 2508 2024 2532 non
2054 2496 2143 2542 sint,
2176 2497 2239 2533 hic
2272 2504 2403 2534 tamen

1365 2549 1618 2586 ratiocinandi
1653 2548 1793 2585 modus
1829 2555 1887 2586 est
1929 2549 2105 2585 omnium
2141 2561 2237 2599 quos
2271 2562 2402 2587 rerum

321 2445 375 2498 (d)
398 2448 420 2470 '¹¹⁵
452 2446 625 2485 Gravitas
651 2447 852 2484 recedendo
879 2459 904 2483 a
931 2443 1034 2483 terrd
1062 2446 1308 2491 diminuitur,

267 2505 314 2537 ut
332 2497 433 2536 infra
453 2498 792 2536 demonstrabitur.

323 2551 382 2603 (e)
416 2555 437 2576 ⁴²
483 2554 569 2590 Hoc
593 2553 689 2611 fieri
721 2554 835 2589 debet.
914 2551 1033 2588 Hanc
1062 2550 1238 2600 regulam
1269 2549 1312 2586 in

269 2604 549 2654 quaesfionibus
567 2605 702 2652 opucis
712 2605 785 2641 hoc
799 2602 880 2641 fere
892 2603 1008 2641 modo
1020 2604 1179 2651 exponit
1196 2603 1233 2639 N
1237 2615 1312 2640 ew-

270 2665 398 2695 tonus.
445 2658 495 2695 In
514 2657 681 2706 physicis
700 2669 779 2694 non
799 2669 908 2693 secus
922 2657 1021 2694 acin
1036 2655 1314 2693 mathematicis

273 2710 451 2754 scientiis,
481 2713 531 2748 ad
558 2723 619 2748 res
645 2709 821 2747 difficiles
845 2709 1093 2758 inquirendas
1111 2708 1316 2745 methodus

272 2763 462 2812 analytica
493 2761 599 2811 prius
627 2770 684 2799 est
703 2762 924 2810 usurpanda
954 2760 1071 2812 quam
1105 2761 1316 2810 synthetica

273 2816 480 2853 methodus
511 2816 552 2852 in
590 2815 782 2852 auxilium
817 2823 986 2852 vocetur.
1054 2814 1155 2851 Haec
1191 2814 1316 2862 prima

273 2868 480 2906 methodus
499 2868 540 2905 in
559 2880 604 2905 eo
624 2868 744 2916 posita
763 2876 820 2904 est
838 2876 882 2905 ut
901 2867 1154 2904 adhibeantur
1168 2866 1316 2914 experi-

274 2930 406 2959 menta
433 2920 549 2971 atque
567 2920 848 2958 observationes
867 2933 911 2957 ex
929 2919 1070 2970 quibus
1090 2919 1230 2956 deinde
1248 2931 1317 2967 per

275 2973 541 3012 inductionem
560 2973 825 3011 conclusiones
843 2973 1041 3023 generales
1061 2971 1313 3017 deducantur,

277 3038 355 3063 non
374 3027 614 3064 obstantibus
629 3026 828 3063 contrariis
846 3025 1131 3074 hypothesibus,
1162 3024 1235 3062 nisi
1255 3037 1318 3061 eas

277 3079 406 3128 aliquo
418 3079 681 3127 experimento
699 3086 767 3117 aut
780 3077 884 3116 certa
899 3077 1028 3128 aliqua
1042 3078 1198 3115 veritate
1209 3077 1317 3114 nixas

277 3144 357 3169 esse
385 3132 600 3181 contigerit.
665 3132 769 3169 Nam
788 3131 893 3181 quod
911 3131 1140 3179 hypotheses
1158 3137 1315 3179 spectat,

278 3197 333 3220 eae
361 3184 402 3220 in
430 3182 674 3233 philosophia
710 3183 999 3232 experimentali
1024 3183 1152 3221 locum
1178 3183 1317 3220 habere

280 3249 356 3272 non
395 3235 548 3275 debent.
631 3238 821 3281 Quamvis
856 3236 1056 3273 ratiocinia
1087 3238 1135 3273 ab
1167 3235 1315 3284 experi-

280 3289 419 3327 mentis
448 3297 488 3327 et
514 3289 843 3330 observationibus
867 3299 940 3337 per
961 3288 1226 3328 inductionem
1250 3287 1315 3325 de-

1366 2600 1506 2639 natura
1530 2601 1730 2639 admittere
1748 2601 1867 2650 possit
1884 2601 2065 2649 optimus,
2095 2601 2202 2651 isque
2220 2600 2267 2639 eo
2284 2603 2405 2640 tutior

1365 2654 1534 2702 reputari
1563 2654 1675 2692 debet
1705 2652 1784 2704 quo
1810 2653 2025 2704 generalior
2051 2661 2108 2691 est
2134 2654 2331 2702 inductio;
2371 2654 2405 2692 si

1369 2715 1499 2745 autem
1528 2708 1637 2744 nulla
1663 2707 1961 2757 repugnaverint
1989 2708 2253 2755 phaenomena,
2284 2720 2403 2757 gene-

1369 2760 1489 2797 ralem
1508 2760 1794 2798 conclusionem
1814 2759 2004 2797 deducere
2023 2759 2163 2797 licebit.
2226 2761 2294 2798 Sin
2314 2760 2405 2799 vero

1369 2813 1547 2861 deinceps
1566 2813 1754 2850 contraria
1768 2820 1970 2849 occurrant
1984 2813 2248 2861 phaenomena‚
2266 2826 2404 2861 excep-

1369 2864 1540 2903 tionibus
1567 2865 1786 2903 necessariis
1813 2865 2013 2903 limitanda
2031 2866 2103 2904 erit
2120 2864 2233 2916 atque
2252 2866 2405 2903 restrin-

1369 2918 1496 2969 genda
1526 2918 1732 2955 conclusio.
1809 2918 1945 2968 Hujus
1976 2918 2174 2967 analyseos
2205 2918 2351 2955 auxilio
2381 2931 2405 2956 a

1369 2971 1587 3020 compositis
1613 2971 1663 3008 ad
1689 2970 1890 3019 simplicia,
1909 2983 1932 3007 a
1948 2971 2115 3008 motibus
2134 2971 2182 3008 ad
2201 2971 2299 3008 vires
2315 2983 2405 3019 pro-

1371 3024 1565 3067 ducentes,
1600 3031 1639 3061 et
1663 3023 1875 3074 generatim
1902 3025 1950 3061 ab
1977 3023 2175 3061 effectibus
2199 3023 2249 3060 ad
2271 3036 2406 3061 eorum

1371 3089 1504 3115 causas
1534 3077 1724 3125 perveniri
1753 3083 1889 3125 potest.
1965 3075 2084 3120 Quod
2115 3076 2165 3113 ad
2196 3076 2405 3125 synthesim

1370 3129 1545 3179 pertinet,
1583 3130 1667 3169 haec
1701 3141 1835 3166 causas
1870 3129 2043 3178 cognitas
2078 3127 2193 3179 atque
2231 3131 2407 3177 probatas

1373 3190 1558 3232 tanquam
1586 3181 1772 3230 principia
1798 3180 1957 3218 assumit
1974 3193 2140 3232 quorum
2158 3193 2231 3231 ope
2247 3182 2405 3232 phaeno-

1375 3248 1489 3273 mena
1506 3234 1597 3273 inde
1617 3242 1709 3273 nota
1727 3233 1978 3286 explicantur,
