2528 4172
324 298 393 344 64
817 292 1384 346 PHILOSOPHIAE
1423 293 1877 349 NATURALIS
1931 297 2050 362 [DE
2074 299 2278 351 Mum).
2304 301 2461 352 SYs'r.

328 444 508 487 centro
536 433 581 485 C
606 433 753 485 radio
783 435 836 497 Q
866 436 911 487 C
938 436 1264 505 descriptam,
1294 448 1371 490 est
1396 440 1462 490 ad
1486 441 1792 510 gravitatem
1830 440 1884 491 in
1909 441 2026 492 loco
2053 441 2104 492 A
2129 442 2183 492 in
2210 443 2467 511 sphaeram

326 536 505 577 centro
553 525 598 575 C
641 524 788 574 radio
835 525 883 575 A
927 525 971 576 C
1016 525 1343 595 descriptam,
1390 528 1444 577 in
1488 529 1687 580 ratione
1730 529 2102 581 diametrorum
2147 533 2261 599 (per
2306 532 2465 600 Prop.

327 615 574 668 LXXII.
622 614 739 665 Lib.
787 614 853 680 I.)
900 615 953 666 id
994 628 1083 679 est,
1129 627 1189 668 ut
1226 625 1327 669 100
1364 618 1430 669 ad
1469 626 1585 671 101.

325 705 389 773 (¹¹)
422 704 819 772 Conjungantur
849 703 959 771 jam
983 704 1067 754 hae
1091 715 1195 756 tres
1222 705 1461 768 rationes,
1496 713 1594 759 126

324 793 389 843 ad
440 799 557 853 125,
608 798 708 843 126
747 792 814 843 ad
851 799 1002 862 1255,
1044 804 1096 845 et
1136 800 1236 846 100
1272 794 1337 845 ad
1377 803 1505 847 101:
1546 806 1598 847 et

323 866 412 933 fiet
436 880 659 951 gravitas
687 881 740 931 in
765 882 879 933 loco
916 883 969 944 Q
1005 884 1059 933 in
1088 884 1309 935 Terram
1336 885 1402 935 ad
1426 886 1595 956 gravi-

324 980 482 1021 tatem
508 969 563 1019 in
588 968 704 1019 loco
732 969 781 1020 A
809 970 863 1019 in
890 970 1129 1033 Terram,
1158 981 1215 1022 ut
1246 978 1343 1024 126
1364 983 1403 1024 ><
1425 979 1524 1025 126
1543 984 1584 1026 ><

329 1064 428 1110 100
467 1058 534 1110 ἃᾶ
579 1064 675 1110 125
714 1068 756 1111 Χ
794 1062 928 1124 125ὲ
961 1074 1002 1116 ><
1041 1067 1157 1122 101,
1199 1080 1289 1112 seu
1322 1072 1380 1112 ut
1405 1068 1502 1114 501
1535 1063 1602 1114 ad

324 1157 443 1200 500.

391 1238 512 1289 Jam
537 1236 657 1289 cum
684 1241 800 1306 (per
829 1237 1008 1289 Corol.
1033 1245 1080 1290 3.
1112 1238 1270 1307 Prop.
1300 1239 1453 1291 XCI.
1483 1239 1600 1291 Lib.

322 1328 388 1394 I.)
415 1330 641 1400 gravitas
668 1328 723 1378 in
750 1327 940 1379 canalis
968 1346 1118 1379 crure
1144 1327 1339 1379 utrovis
1367 1328 1418 1379 A
1447 1329 1492 1380 C
1519 1347 1547 1380 c
1572 1348 1604 1380 a

322 1418 399 1468 vel
439 1419 492 1480 Q
522 1419 567 1470 C
594 1437 622 1469 c
647 1437 680 1488 q
720 1418 785 1469 sit
810 1427 867 1469 ut
893 1417 1134 1468 dis-tantia
1157 1417 1389 1469 locorum
1416 1437 1446 1468 a
1471 1436 1587 1469 cen-

320 1518 402 1557 tro
441 1507 657 1568 Terrae;
698 1507 742 1558 si
780 1525 933 1557 crura
970 1507 1058 1558 illa
1083 1507 1454 1575 superficiebus
1480 1510 1784 1561 transversis
1811 1520 1862 1562 et
1889 1511 2338 1581 aequidistantibus
2366 1511 2469 1563 dis-

321 1598 630 1667 tinguantur
667 1596 718 1646 in
760 1606 933 1664 partes
969 1596 1091 1647 totis
1127 1596 1559 1664 proportionales,
1600 1607 1751 1649 erunt
1783 1599 2019 1667 pondera
2042 1601 2268 1668 partium
2296 1601 2473 1671 singu-

320 1689 486 1737 larum
531 1687 585 1736 in
632 1705 781 1737 crure
821 1687 871 1737 A
905 1687 950 1738 C
989 1704 1018 1737 c
1047 1705 1076 1737 a
1113 1687 1179 1738 ad
1217 1686 1450 1754 pondera
1492 1688 1717 1755 partium
1756 1690 1973 1741 totidem
2010 1692 2064 1741 in
2103 1711 2252 1742 crure
2291 1691 2470 1754 altero,

323 1778 387 1846 (X)
429 1788 485 1827 ut
526 1775 907 1846 magnitudines
950 1785 1004 1826 et
1048 1775 1324 1846 gravitates
1362 1776 1742 1828 acceleratrlces
1788 1780 2102 1847 conjunctim
2121 1799 2135 1840 3
2187 1781 2241 1830 id
2279 1789 2370 1841 est,
2417 1788 2475 1829 ut

328 1872 424 1917 101
461 1864 528 1915 ad
562 1870 659 1915 100
690 1874 742 1915 et
768 1871 871 1916 500
899 1863 966 1915 ad
993 1871 1113 1926 501,
1142 1864 1243 1914 hoc
1269 1874 1361 1926 est,
1389 1874 1446 1915 ut
1473 1872 1575 1917 505
1603 1865 1669 1916 ad
1697 1873 1815 1918 501.

323 1955 609 2026 centrifuga
633 1956 795 2024 partis
823 1956 1073 2024 cujusque
1099 1954 1154 2004 in
1182 1972 1333 2005 crure
1361 1954 1412 2005 A
1436 1955 1480 2006 C
1501 1974 1529 2005 c
1546 1974 1576 2005 a
1601 1974 1667 2006 ex
1692 1966 1838 2007 motu
1864 1955 2052 2007 diurno
2078 1958 2313 2020 oriunda,
2348 1956 2473 2007 fuis-

1893 1870 1950 1936 (Υ)
1981 1864 2061 1919 Αο
2087 1869 2304 1936 proinde
2331 1869 2372 1918 si
2397 1870 2472 1918 vis

323 2056 400 2099 set
425 2046 492 2098 ad
516 2046 723 2114 pondus
749 2046 911 2114 partis
941 2045 1173 2114 ejusdem
1201 2054 1259 2096 ut
1284 2052 1316 2096 4
1345 2045 1412 2095 ad
1442 2052 1562 2109 505,
1592 2065 1654 2098 eo
1680 2056 1737 2098 ut
1757 2047 1828 2098 -de
1860 2048 2092 2116 pondere
2117 2049 2277 2117 partis
2304 2050 2473 2117 cujus-

327 2210 378 2254 A,
393 2209 432 2247 in
446 2209 699 2259 sphaeroidem
712 2207 985 2247 convolutione
1000 2206 1177 2255 ellipseos
1195 2203 1314 2244 APB
1322 2205 1372 2250 Q,
1431 2212 1469 2243 et
1501 2205 1674 2244 similiter
1705 2207 1929 2254 positarum,
1960 2207 2165 2258 gravitates
2194 2209 2477 2247 acceleratrices

323 2264 424 2300 circa
451 2276 561 2300 axem
594 2264 632 2300 A
656 2263 692 2300 B
721 2262 894 2313 genitam
913 2260 1064 2299 dicatur
1090 2260 1134 2302 V,
1156 2272 1200 2297 ac
1218 2259 1375 2297 tandem
1430 2266 1544 2296 erunt
1562 2258 1602 2295 in
1622 2259 1755 2297 eadem
1775 2260 1921 2297 ratione
1935 2275 1948 2307 ;
1978 2273 2112 2299 earum
2140 2263 2268 2312 itaque
2294 2263 2474 2311 pondera,

323 2317 489 2365 gravitas
516 2316 557 2353 iu
586 2315 672 2353 loco
703 2316 741 2353 A
779 2315 821 2351 in
850 2315 1039 2362 sphaeram
1058 2312 1166 2350 radio
1188 2313 1226 2350 A
1250 2313 1282 2351 C
1302 2316 1370 2349 de·
1433 2311 1529 2363 (sive
1556 2311 1656 2350 facta
1682 2313 1878 2364 gravitatis
1907 2315 2180 2353 acceleratricis
2196 2328 2265 2365 per
2281 2316 2475 2366 quantita-

325 2370 505 2418 scriptam
525 2369 574 2406 sit
594 2377 634 2414 Γ,
656 2368 728 2406 erit
748 2372 816 2419 (ex
834 2367 974 2417 dem.).

376 2436 404 2471 g
424 2438 433 2460 z
460 2440 487 2471 ry
505 2439 562 2458 =
588 2427 661 2460 126
683 2436 691 2459 :
721 2424 797 2459 125

381 2475 444 2513 V:
468 2484 495 2513 Γ
511 2491 567 2510 =
592 2478 665 2512 125
687 2488 696 2512 :
727 2478 802 2512 126
822 2471 1006 2521 praeterea
1558 2448 1613 2503 A

381 2528 442 2566 V:
464 2528 569 2565 G=
597 2527 632 2565 G
652 2542 660 2564 ε
687 2536 728 2572 Γ,
741 2524 907 2576 ideoque
920 2526 1021 2562 inter
1042 2525 1081 2563 V
1099 2532 1138 2562 et
1157 2534 1197 2571 Γ,
1213 2525 1287 2562 hoc
1306 2531 1374 2571 est,

325 2581 425 2618 inter
449 2585 522 2619 125
543 2587 581 2618 et
602 2584 678 2618 126
698 2586 854 2628 sumpto
872 2578 1001 2616 medio
1019 2578 1186 2616 termino
1213 2590 1374 2627 propor-

328 2634 466 2671 tionali
485 2634 558 2671 erit

382 2687 447 2725 V:
472 2687 580 2724 G=
602 2686 897 2724 G2r=1252
921 2683 1091 2734 125{=
1112 2683 1238 2734 1255:
1258 2688 1346 2724 126.

382 2739 439 2791 (¹¹)
480 2743 502 2765 ¹*
545 2739 847 2790 conjungantur
870 2738 961 2787 jam
997 2740 1056 2775 hoe
1090 2745 1166 2776 tres
1200 2740 1374 2783 rationes,

327 2792 473 2831 scilicet

381 2859 409 2896 g
428 2862 437 2884 ι
463 2863 493 2896 ογ
509 2861 566 2883 ==
586 2850 660 2884 126
677 2861 686 2883 z
708 2848 782 2885 125

382 2897 813 2949 r2G=1262125{

383 2969 410 3001 γ
427 2968 436 2991 :
462 2961 489 2990 Γ
507 2968 565 2988 =
592 2957 688 2990 10οε
716 2955 780 2990 101
805 2949 878 2989 erit
895 2962 963 2999 per
980 2949 1297 2998 compositionem
1316 2962 1376 2988 ra-

330 3004 484 3043 tionum
503 3014 541 3043 et
559 3018 606 3043 ex
626 3018 748 3055 aequo.

382 3072 433 3109 g:
455 3059 782 3105 G=126><126
801 3055 1220 3106 ><1002125><125{
1238 3060 1280 3102 ><
1304 3060 1372 3094 101

330 3112 391 3148 vel
413 3125 439 3162 g
459 3127 468 3150 ι
497 3113 532 3150 G
553 3128 611 3148 =
635 3114 845 3150 1587600:
875 3109 1082 3159 158445τὲ
1099 3125 1156 3145 =
1177 3113 1249 3147 501
1271 3124 1279 3146 ι
1298 3112 1378 3147 500

332 3163 499 3215 ide6que
524 3164 690 3216 gravitas
716 3164 758 3202 in
780 3163 865 3201 loco
899 3163 950 3207 Q,
985 3162 1027 3199 in
1049 3163 1209 3199 Terram
1236 3161 1304 3202 fiet
1328 3161 1377 3200 ad

329 3220 562 3266 gravitatem
593 3218 635 3255 in
663 3218 750 3256 loco
782 3218 833 3264 A,
868 3216 910 3253 in
942 3215 1102 3254 Terram
1138 3222 1183 3253 ut
1215 3217 1288 3253 501
1328 3214 1378 3252 ad
1562 3213 1609 3261 C
1991 3226 2065 3278 ΙΙ
2123 3225 2165 3280 h

335 3273 424 3308 500.

391 3323 450 3375 (¹)
469 3329 530 3362 81.
552 3327 572 3348 *
597 3327 649 3364 Ut
662 3325 949 3373 magnitudines
962 3329 996 3360 et
1004 3323 1220 3372 gravitates.
1255 3320 1380 3358 Crura

339 3376 377 3414 A
403 3377 449 3422 C,
474 3377 514 3421 Q
536 3378 568 3416 C
588 3378 642 3415 ita
660 3378 946 3427 distinguantur
964 3374 1239 3423 superficiebus
1256 3381 1379 3411 trans-

337 3429 456 3466 versis
481 3437 520 3467 et
546 3430 880 3480 aequidistantibus
896 3436 943 3466 ut
960 3440 1072 3466 crura
1098 3427 1166 3464 illa
1191 3426 1380 3477 aequalem

336 3482 561 3520 contineant
592 3483 868 3532 particularum
903 3482 939 3520 E
963 3494 996 3527 e,
1035 3481 1079 3519 H
1098 3482 1125 3517 h
1157 3492 1377 3524 numerum,

338 3535 491 3584 sintque
518 3535 681 3586 singulae
706 3536 905 3584 particulae
930 3536 971 3573 in
990 3546 1099 3572 crure
1121 3534 1158 3571 A
1183 3534 1215 3572 C
1234 3532 1284 3571 ad
1302 3532 1381 3570 sin-

339 3587 451 3637 gulas
478 3588 682 3636 particulas
708 3589 749 3626 in
777 3602 887 3627 crure
918 3589 951 3627 C
974 3589 1015 3633 Q
1040 3595 1086 3625 ut
1110 3599 1197 3625 crus
1218 3588 1257 3624 A
1280 3586 1312 3624 C
1328 3585 1383 3624 ad

331 3652 428 3678 crus
445 3640 608 3679 alterum
632 3642 664 3680 C
684 3642 734 3686 Q,
755 3641 833 3679 sive
850 3649 896 3679 ut
919 3646 986 3679 101
1010 3640 1059 3679 ad
1082 3645 1179 3686 1003
1199 3638 1382 3690 quoniam

339 3693 505 3744 gravitas
523 3694 565 3731 in
583 3694 668 3732 loco
694 3696 730 3733 A
750 3702 807 3732 est
826 3699 905 3734 500
924 3702 963 3732 et
980 3694 1144 3744 gravitas
1161 3694 1202 3731 in
1221 3693 1307 3731 loco
1328 3692 1381 3736 Q,

338 3754 398 3784 est
425 3749 496 3784 501
529 3756 684 3796 propter
711 3746 877 3798 figuram
904 3746 1124 3796 sphaeroidis
1146 3755 1186 3783 et
1205 3745 1382 3785 omnium

341 3799 618 3849 particularum
645 3800 687 3837 in
712 3800 889 3838 cruribus
912 3800 948 3837 A
974 3801 1006 3838 C
1025 3808 1064 3838 et
1085 3800 1118 3838 C
1140 3800 1183 3844 Q
1198 3797 1381 3837 similium

1431 3380 1512 3413 tem
1529 3369 1715 3420 materiae)
1744 3375 1859 3407 erunt
1875 3367 1917 3405 in
1935 3368 2082 3406 ratione
2100 3365 2310 3418 composita
2333 3371 2402 3406 101
2425 3367 2478 3407 ad

1436 3431 1513 3465 100
1530 3433 1568 3463 et
1586 3429 1665 3463 500
1690 3423 1739 3462 ad
1767 3426 1838 3461 501
1863 3421 1940 3459 sive
1959 3425 2036 3460 505
2055 3421 2103 3459 ad
2122 3426 2211 3464 501.
2242 3428 2281 3459 et
2303 3427 2474 3459 totorum

1432 3490 1589 3518 crurum
1620 3479 1659 3515 A
1682 3476 1714 3515 C
1743 3483 1782 3513 et
1811 3476 1843 3514 C
1867 3476 1909 3520 Q
1932 3474 2135 3526 gravitates
2159 3481 2274 3513 erunt
2290 3474 2332 3511 in
2351 3472 2397 3512 ea
2413 3485 2473 3511 ra-

1433 3533 1539 3571 tione
1558 3535 1634 3569 505
1654 3529 1703 3567 ad
1721 3533 1811 3567 501.

1490 3584 1548 3637 (Y)
1570 3588 1632 3621 82.
1658 3586 1679 3607 ¹*
1702 3584 1763 3621 Ac
1787 3581 1947 3631 proinde
1976 3584 2008 3619 si
2038 3583 2090 3620 vis
2121 3581 2350 3633 centrg‘suga.
2407 3578 2473 3616 Ex

1435 3646 1543 3676 motu
1572 3636 1710 3674 diurno
1729 3633 1830 3672 circa
1846 3647 1957 3672 axem
1989 3635 2030 3679 Q
2050 3634 2094 3680 C,
2124 3634 2244 3671 oritur
2261 3633 2316 3669 vis
2334 3631 2474 3669 centri-

1435 3691 1532 3742 fuga
1557 3687 1636 3740 qua
1661 3688 1705 3726 fit
1731 3695 1777 3725 ut
1804 3695 1927 3736 partes
1953 3700 2040 3738 quae
2059 3685 2207 3725 suntin
2225 3697 2335 3722 crure
2364 3685 2402 3722 A
2426 3684 2473 3730 C,

1435 3741 1568 3782 versus
1599 3743 1644 3785 C,
1674 3741 1712 3778 vi
1738 3740 1935 3791 gravitatis
1961 3746 2141 3785 attractae,
2169 3737 2284 3775 simul
2302 3736 2417 3775 etiam
2436 3736 2475 3773 vi

1437 3793 1657 3847 centrifuga
1682 3793 1928 3843 repellantur,
1958 3796 1980 3818 ¹*
2008 3792 2076 3831 illa
2101 3797 2231 3830 autem
2252 3790 2309 3828 vis
2335 3788 2475 3828 centri-
