2528 4172
0 3762 16 3802 3¹:

135 275 266 328 CAP.
295 275 367 339 L]
761 269 868 322 AD
908 263 1278 320 TERTIUM
1316 262 1646 319 LIBRUM.
2172 270 2264 321 xiii

132 418 234 470 tori
262 417 534 487 parallelos
559 414 795 467 bifariam
820 411 1070 464 dividens.
1146 411 1450 463 Intersectio
1485 409 1629 479 plani
1664 407 1937 461 meridiani
1964 426 2081 459 cum
2106 408 2264 476 plano

134 507 416 560 horizontis
450 507 511 560 H
542 505 593 557 R
619 504 700 558 vel
729 503 765 555 h
792 522 818 555 r
844 503 1032 555 dicitur
1060 501 1195 553 linea
1224 503 1523 553 meridiana.
1602 501 1841 554 Circulus
1872 502 2121 552 verticalis
2147 500 2264 566 pri-

132 598 320 648 marius
356 604 436 648 est
468 594 556 646 ille
592 588 846 645 verticalis
877 591 967 662 qui
992 608 1088 659 per
1111 590 1259 659 polos
1285 590 1556 642 meridiani
1584 591 1785 643 transit.
1866 589 1945 642 Sit
1973 590 2014 640 Z
2043 589 2093 640 V
2120 588 2174 639 N
2203 589 2261 639 X

136 685 391 738 verticalis
415 684 690 754 primarius
716 682 1038 735 horizontem
1064 681 1368 733 rationalem
1396 682 1458 733 H
1484 682 1536 732 V
1564 682 1615 733 R
1643 682 1701 733 X
1727 683 2039 733 intersecans
2065 680 2121 730 in
2148 680 2198 731 V
2217 688 2268 730 et

138 774 213 837 X,
261 792 414 844 quem
437 772 768 824 .me1idianus
810 771 964 822 etiam
1007 778 1145 822 secat
1180 769 1235 820 in
1274 770 1335 821 H
1360 778 1411 821 et
1439 769 1506 820 R.
1585 768 1787 821 Puncta
1824 778 2043 839 quatuor
2082 768 2150 831 R,
2191 768 2266 831 X,

138 865 215 926 H,
251 863 318 926 V,
361 862 604 914 dicuntur
644 863 878 913 cardines
919 862 1092 912 mundi
1111 889 1130 920 ,·
1182 871 1435 929 punctum
1470 859 1680 930 quidem
1723 862 1774 912 R
1820 859 2270 933 inlhemispherio

135 951 329 1003 boreali
379 950 536 1002 cardo
584 950 947 1018 septentrionis,
1003 949 1063 1001 H
1114 948 1272 1000 cardo
1321 949 1565 1010 meridiei,
1611 948 1663 999 V
1703 948 1770 999 ad
1827 958 2000 1017 partes
2060 947 2270 999 orientis

137 1040 294 1092 cardo
318 1040 523 1090 orientis
548 1048 598 1090 et
621 1048 872 1107 punctum
897 1036 1193 1107 oppositum
1219 1036 1277 1087 X
1303 1035 1461 1087 cardo
1487 1037 1766 1088 occidentis.

212 1139 260 1183 9.
300 1129 565 1182 Distantia
600 1128 881 1180 horizontis
908 1129 1200 1197 apparentis
1228 1127 1292 1177 ab
1318 1127 1586 1178 horizonte
1611 1146 1736 1178 vero
1763 1127 1867 1178 sive
1894 1127 2091 1179 telluris
2122 1127 2273 1178 semi-

139 1220 388 1271 diameter
417 1218 454 1269 S
481 1218 547 1280 T,
589 1218 844 1269 sensibilis
870 1236 977 1268 non
1003 1227 1094 1280 est,
1131 1217 1173 1267 si
1199 1215 1491 1267 conferatur
1518 1234 1636 1266 cum
1664 1216 1925 1267 stellarum
1968 1213 2143 1284 (Luna
2169 1212 2275 1265 fere

142 1308 250 1362 sola
278 1306 514 1376 excepta)
543 1308 813 1371 distantiis,
843 1317 895 1360 et
918 1306 1036 1359 ideo
1061 1318 1199 1358 terra
1224 1316 1463 1375 respectu
1497 1306 1715 1375 sphaerae
1742 1307 2007 1358 stellarum
2032 1316 2277 1375 tanquam

140 1408 408 1469 punctum,
453 1409 503 1452 et
539 1399 754 1469 quilibet
778 1408 930 1450 terrae
954 1397 1099 1449 locus
1126 1408 1371 1467 tanquam
1407 1396 1559 1465 hujus
1598 1396 1818 1466 sphaerae
1845 1383 2080 1449 centrum
2109 1396 2279 1448 consi-

145 1489 317 1541 derari
352 1499 539 1560 potest.
616 1489 753 1540 Nam
791 1506 968 1553 omnes
1011 1486 1118 1538 fere
1157 1488 1593 1540 Astronomorum
1631 1488 2013 1539 observationes
2056 1488 2113 1540 id
2158 1506 2279 1556 sup-

143 1593 348 1647 ponunt
387 1590 438 1632 et
482 1589 723 1647 computa
769 1576 890 1629 inde
933 1577 1060 1629 inita
1098 1596 1216 1629 cum
1261 1577 1617 1646 phaenomenis
1662 1579 1957 1631 coelestibus
2005 1579 2278 1648 quadrant.

149 1667 315 1720 Porro
352 1668 788 1739 quemadmodum
825 1667 1028 1738 singula
1064 1677 1217 1719 terrae
1254 1666 1369 1718 loca
1404 1685 1501 1735 pro
1539 1676 1719 1717 centro
1757 1667 1977 1735 sphaerae
2015 1667 2281 1718 stellarum

149 1760 387 1828 usurpari
409 1768 596 1829 potest,
624 1756 696 1809 ita
719 1758 848 1828 fingi
871 1768 1042 1826 potest
1066 1759 1121 1808 in
1146 1758 1322 1826 spatiis
1358 1757 1650 1809 coelestibus
1696 1758 1950 1827 sphaerica
1986 1757 2283 1827 superficies

154 1849 296 1917 cujus
323 1857 464 1900 tanta
489 1849 554 1900 sit
579 1847 826 1898 diameter
850 1856 909 1898 ut
944 1846 1079 1898 illius
1116 1855 1354 1915 respectu
1392 1856 1660 1898 evanescat
1697 1847 1830 1898 Solis
1855 1847 1937 1898 vel
1963 1848 2124 1899 stellae
2151 1847 2285 1898 datae

148 1958 179 1989 a
195 1937 407 1990 Tellure
423 1936 680 1999 distantia,
699 1945 751 1988 et
773 1936 927 2006 hujus
944 1936 1162 2005 sphaerae
1189 1946 1424 1987 centrum
1449 1935 1639 2003 poterit
1663 1935 1905 1987 collocari
1933 1935 2286 1987 indifferenter

151 2029 234 2081 vel
258 2030 313 2080 in
337 2031 475 2082 terra
501 2029 582 2081 vel
606 2030 660 2080 in
688 2028 794 2081 sole
819 2038 909 2080 aut
933 2029 988 2079 in
1014 2028 1179 2096 spatio
1204 2026 1526 2078 intermedio.

226 2127 308 2172 10.
349 2119 581 2171 Altitudo
608 2120 722 2186 poli
754 2121 811 2171 P
843 2117 998 2186 suprd
1035 2120 1333 2169 horizontem
1364 2128 1440 2169 est
1471 2117 1745 2169 meridiani
1780 2137 1928 2170 arcus
1958 2119 2003 2170 P
2032 2118 2082 2169 R
2109 2137 2139 2170 a
2163 2117 2286 2185 polo

157 2210 225 2262 ad
259 2210 579 2263 horizontem
615 2210 944 2279 interceptus,
1020 2210 1100 2260 Ea
1125 2227 1333 2277 semper,
1359 2208 1571 2278 aequalis
1599 2218 1675 2259 est
1701 2210 1844 2260 arcui
1871 2210 1913 2260 Z
1940 2208 2013 2259 AE
2041 2228 2072 2259 a
2096 2208 2288 2259 vertice

156 2300 199 2352 Z
225 2299 293 2351 ad
315 2308 630 2370 aequatorem
656 2299 730 2351 AE
753 2299 806 2361 Q
832 2299 1146 2368 intercept03
1188 2299 1326 2350 Nam
1352 2300 1394 2350 si
1420 2318 1485 2350 ex
1511 2299 1689 2350 circuli
1715 2300 2085 2369 quadrantibus
2107 2299 2149 2350 Z
2173 2299 2216 2350 P
2239 2299 2288 2349 R

155 2399 207 2442 et'
231 2389 305 2441 AE
334 2390 376 2441 Z
404 2390 449 2442 P
488 2390 804 2442 subducatur
839 2408 988 2440 arcus
1026 2390 1312 2440 communis
1342 2390 1393 2440 Z«
1413 2389 1473 2451 P,
1514 2388 1854 2441 remanebunt
1890 2409 2038 2442 arcus
2065 2388 2290 2458 aequales

156 2479 228 2531 ΖΕ
269 2479 312 2533 Ζ
349 2491 400 2532 et
439 2481 484 2533 P
523 2482 588 2534 R.
664 2481 896 2533 Altitudo
933 2480 1201 2549 oequatorz‘s
1225 2478 1380 2547 suprd
1404 2481 1705 2531 horizontem
1731 2489 1809 2531 est
1834 2499 1982 2532 arcus
2018 2479 2292 2531 meridiani

156 2569 230 2621 AE
260 2566 335 2632 H,
376 2570 509 2622 inter
544 2580 859 2640 aequatorem
895 2579 947 2621 et
980 2568 1303 2620 horizontem
1341 2569 1655 2638 interceptus
1670 2589 1684 2632 3
1723 2570 1933 2639 aequalis
1961 2580 2038 2621 est
2065 2568 2292 2637 comple-

158 2670 335 2712 mento
375 2662 656 2715 altitudinis
698 2662 806 2732 poli
846 2680 935 2713 seu
979 2660 1121 2712 arcui
1168 2660 1210 2711 Z
1263 2660 1323 2723 P,
1373 2660 1529 2729 quod,
1583 2658 1755 2712 ablato
1805 2678 1871 2712 ex
1921 2659 2292 2730 quadrantibus

161 2751 221 2802 H
249 2751 321 2804 AE
346 2754 387 2805 Z
406 2763 458 2805 et
483 2753 556 2806 AE
580 2756 621 2807 Z
642 2754 687 2807 P
713 2752 973 2806 communi
999 2769 1123 2804 arcu
1150 2750 1223 2803 AE
1247 2752 1289 2803 Z
1310 2750 1639 2803 manifestum
1659 2760 1751 2802 est.
1790 2751 2022 2802 Altitudo
2042 2768 2294 2819 apparens

157 2838 336 2892 sideris
373 2842 453 2893 vel
489 2843 670 2912 puncti
708 2841 977 2911 cujuslibet
1015 2839 1063 2892 L
1101 2840 1155 2890 in
1192 2838 1396 2909 sphaera
1432 2836 1711 2902 mundana,
1753 2849 1829 2891 est
1854 2840 2073 2911 angulus
2102 2840 2149 2892 L
2180 2841 2216 2892 S
2242 2859 2289 2902 v,
2334 2825 2337 2827 ‚

163 2928 257 2979 sub
295 2945 398 2998 quo
435 2949 500 2981 ex
538 2941 715 2983 centro
745 2931 794 2997 ‘S
828 2926 1111 2980 horizontis
1151 2927 1405 2979 sensibilis
1441 2928 1644 2979 videtur
1670 2946 1819 2979 arcus
1847 2929 1894 2979 L
1920 2948 1952 2979 v
1978 2928 2292 2981 circuli‘ver-

159 3017 321 3068 ticalis
357 3037 452 3086 per
491 3019 538 3071 L
576 3019 718 3071 ducti
756 3017 918 3088 usque
956 3017 1023 3068 ad
1062 3016 1386 3068 horizontem
1427 3015 1721 3068 sensibilem
1752 3017 1790 3068 h
1814 3037 1847 3068 v
1872 3037 1898 3069 r
1923 3037 1974 3068 x.
2053 3018 2291 3069 Altitudo

157 3123 278 3157 vera
314 3097 492 3176 puncti
532 3109 580 3160 L
618 3118 695 3160 est
730 3108 947 3179 angulus
986 3091 1039 3159 L
1073 3107 1125 3159 T
1162 3106 1228 3171 V,
1269 3126 1360 3159 seu
1397 3108 1556 3176 ipsius
1593 3127 1835 3160 mensura
1874 3129 2021 3160 arcus
2066 3110 2114 3160 L
2150 3110 2200 3161 V
2235 3111 2290 3160 in

143 3193 357 3246 ‘circulo
381 3196 607 3248 verticali
632 3215 726 3265 per
752 3196 799 3249 L
825 3196 982 3247 ducto
1007 3193 1170 3266 usque
1196 3195 1263 3247 ad
1288 3195 1610 3248 horizontem
1634 3197 1937 3248 rationalem
1966 3198 2027 3249 H
2054 3198 2104 3249 V
2134 3199 2183 3250 R
2212 3199 2284 3251 X.

163 3276 318 3336 Unde
362 3286 439 3354 (9)
491 3286 750 3338 stellarum
799 3286 1023 3338 fixarum
1068 3296 1120 3338 et
1164 3285 1298 3339 Solis
1348 3286 1643 3339 altitudines
1693 3297 1999 3356 apparentes
2049 3299 2101 3341 et
2150 3309 2286 3342 verae

166 3369 474 3426 coincidunt.

244 3467 324 3512 11.
362 3461 477 3514 Jam
515 3462 638 3517 vero
687 3464 787 3535 qua
825 3466 1024 3518 ratione
1059 3466 1407 3535 phaenomena
1443 3484 1562 3537 quae
1600 3466 1755 3535 supra
1790 3468 2073 3532 retulimUS,
2112 3479 2164 3522 et
2193 3470 2290 3522 alia

165 3566 283 3619 quae
338 3546 576 3621 deinceps
632 3554 930 3619 referemuS,
983 3557 1246 3609 observari
1282 3559 1562 3626 potuerint,
1615 3559 1792 3627 paucis
1834 3580 2153 3630 exponemus
2168 3583 2183 3624 3
2240 3572 2292 3614 et

164 3638 370 3708 quidem
411 3640 475 3723 ab
501 3642 855 3698 observatione
894 3646 1179 3699 altitudinis
1223 3649 1517 3717 apparentis
1556 3649 1780 3703 siderum
1818 3673 1934 3723 quae
1970 3655 2291 3723 praecipuum

146 3729 327 3785 ⁴totius
355 3732 701 3787 Astronomiae
726 3737 1117 3793 fundamentum
1144 3751 1237 3805 est,
1267 3741 1469 3793 initium
1490 3741 1752 3797 ducemus,
1813 3745 2007 3797 Circuli
2033 3744 2290 3814 quadrans
