2528 4172
271 270 396 322 xxvi
938 312 945 325 ,,
1066 269 1622 324 INTRODUCTIO
1985 277 1990 287 '
2141 273 2302 335 [CAP.
2334 273 2407 327 ΙΙ.

274 413 420 465 Hinc
468 410 592 463 verb
643 411 874 482 sequitur
922 410 1103 464 sideris
1153 413 1207 464 in
1256 414 1445 466 vertice
1499 415 1556 478 Ζ,
1611 414 1871 466 constituti
1925 413 2233 482 parallaxim
2291 435 2405 468 esse

270 503 481 565 nullam,
529 502 747 554 eandem
790 520 1020 555 crescere
1061 523 1177 555 cum
1222 504 1462 557 distantia
1508 525 1538 557 a
1580 506 1770 558 vertice
1811 516 1861 558 et
1897 505 1951 556 in
1987 505 2256 558 horizonte
2291 507 2405 558 fieri

272 592 568 644 maximam.
672 591 918 660 Sequitur
963 597 1167 662 quoque
1221 593 1361 645 sinus
1411 594 1753 663 parallaxium
1796 594 1851 645 in
1894 594 2105 663 paribus
2151 594 2331 647 sideris
2377 615 2409 647 a

272 691 451 733 centro
494 689 648 731 terrae
686 679 939 732 distantiis
979 700 1089 732 esse
1123 692 1182 733 ut
1218 682 1358 734 sinus
1396 682 1750 733 distantiarum
1791 683 2017 734 visarum
2047 702 2077 733 a
2112 682 2319 746 vertice,
2358 694 2411 735 et

272 769 390 822 ide&
416 769 458 821 si
483 769 633 820 detur
656 769 932 837 parallaxis
960 770 1140 823 sideris
1165 771 1220 822 in
1246 769 1415 842 alique‘i
1441 791 1472 823 a
1498 773 1686 828 vertice
1712 771 1968 836 distanti-21,
1997 771 2203 825 dabitur
2229 772 2283 825 in
2302 771 2401 829 alia

274 857 452 932 quavis
479 855 719 910 distantia
747 877 779 909 a
802 858 1008 911 vertice.

291 2709 295 2711 ’
363 2712 447 2757 31.
486 2703 627 2757 Data
673 2703 852 2756 sideris
894 2703 964 2766 Q,
1010 2701 1262 2771 parallaxi
1304 2702 1356 2754 A
1395 2702 1450 2764 Q
1487 2700 1555 2765 T,
1595 2704 1714 2753 cum
1750 2698 1944 2771 angulo
1985 2699 2028 2751 Z
2054 2698 2105 2750 A
2131 2699 2182 2750 V
2207 2716 2296 2750 seu
2320 2697 2426 2749 dis-

290 2793 448 2845 tantia
494 2804 774 2862 apparente
817 2812 848 2844 a
888 2791 1092 2855 vertice,
1134 2791 1286 2843 datur
1321 2791 1376 2842 in
1418 2788 1809 2841 semidiametris
1851 2798 2004 2839 terrae
2038 2797 2149 2837 tum
2183 2786 2425 2839 distantia

294 2883 349 2945 Q
376 2883 428 2935 T
466 2883 644 2934 sideris
686 2883 739 2944 Q
776 2902 806 2934 a
843 2892 1021 2933 centro
1054 2891 1224 2944 terrae,
1254 2889 1364 2931 tum
1391 2878 1630 2931 distantia
1649 2878 1758 2947 ejus
1785 2876 1832 2928 A
1865 2876 1918 2937 Q
1944 2895 1974 2926 a
1998 2875 2113 2926 loco
2141 2875 2206 2925 A.
2282 2875 2427 2926 Dato

293 2973 431 3024 enim
468 2972 671 3045 angulo,
701 2972 743 3023 Z
769 2972 820 3023 A
848 2971 901 3033 Q
940 2970 1092 3021 datur
1129 2969 1180 3021 T
1207 2968 1259 3020 A
1287 2968 1341 3030 Q
1367 2968 1802 3036 complementum
1827 2964 1963 3015 illius
1989 2962 2055 3013 ad
2080 2962 2210 3013 duos
2240 2973 2428 3023 rectos,

292 3061 447 3125 unde,
497 3062 563 3113 ob
610 3061 789 3112 datum
827 3060 980 3111 etiam
1024 3057 1275 3128 angulum
1317 3057 1369 3110 A
1412 3056 1466 3118 Q
1501 3055 1569 3119 T,
1605 3055 1795 3106 dantur
1833 3062 1936 3103 tres
1975 3050 2151 3121 anguli
2185 3050 2430 3121 trianguli

298 3151 352 3212 Q
380 3151 430 3201 A
456 3151 523 3212 Τ,
563 3168 630 3202 ex
660 3149 846 3220 quibus
880 3148 1033 3199 datur
1072 3145 1203 3197 ratio
1240 3144 1461 3196 laterum
1502 3145 1638 3196 inter
1674 3160 1744 3194 se.
1821 3140 1967 3193 Hinc
2007 3138 2126 3190 data
2166 3138 2346 3190 sideris
2387 3140 2433 3191 P

295 3218 548 3310 parallaxi
573 3238 895 3302 horizontali,
925 3239 968 3290 si
992 3236 1240 3289 inferatur
1265 3246 1323 3288 ut
1348 3236 1491 3287 sinus
1515 3234 1837 3304 parallaxeos
1864 3231 1931 3282 ad
1957 3232 2125 3282 sinum
2151 3240 2331 3293 totum,
2360 3229 2433 3282 ita

295 3330 673 3383 semidiameter
697 3330 894 3382 telluris
922 3329 973 3381 A
1000 3328 1052 3380 T
1076 3327 1143 3379 ad
1167 3336 1409 3397 quartum
1435 3325 1751 3382 obtinebitur
1776 3323 2020 3375 distantia
2048 3323 2092 3374 P
2119 3323 2170 3374 T
2196 3321 2376 3374 sideris
2402 3339 2433 3372 a

297 3432 476 3474 centro
501 3429 655 3472 terrae
682 3421 749 3472 ob
776 3419 1025 3491 angulum
1052 3418 1102 3470 T
1129 3417 1179 3470 A
1208 3417 1252 3469 P
1277 3427 1492 3469 rectum.

373 3518 457 3566 32.
501 3511 654 3564 SInus
691 3511 1026 3580 parallaxeon
1064 3508 1291 3561 siderum
1331 3507 1386 3569 Q
1422 3516 1473 3559 et
1511 3526 1546 3577 q
1578 3507 1633 3558 in
1669 3505 1955 3577 aequalibus
1990 3502 2242 3555 distantiis
2279 3519 2438 3569 appa-

299 3599 532 3653 rentibus
570 3619 601 3651 a
635 3600 847 3662 vertice,
884 3610 1005 3651 sunt
1029 3600 1083 3650 in
1110 3598 1310 3650 ratione
1335 3595 1604 3665 reciproca
1632 3596 1991 3647 distantiarum
2017 3593 2240 3645 siderum
2265 3610 2295 3642 a
2320 3609 2440 3642 cen-

301 3699 384 3742 tro
409 3700 576 3742 terrae.
654 3688 864 3740 Etenim
890 3698 948 3740 ut
974 3689 1116 3740 sinus
1141 3686 1464 3757 parallaxeos
1493 3685 1544 3737 A
1571 3684 1625 3746 Q
1651 3685 1718 3748 Τ,
1748 3684 1812 3736 ad
1841 3683 2009 3734 sinum
2036 3679 2212 3751 anguli
2239 3678 2281 3730 Z
2301 3678 2352 3729 A
2372 3678 2440 3741 V,

305 3781 376 3834 ita
415 3791 491 3833 est
530 3779 579 3831 A
607 3778 659 3830 T
694 3778 762 3831 ad
801 3777 855 3840 Q
893 3777 945 3830 T
981 3787 1033 3830 et
1070 3786 1128 3830 ut
1166 3776 1306 3830 sinus
1343 3773 1519 3846 anguli
1557 3773 1598 3825 Z
1627 3774 1675 3825 A
1704 3773 1770 3837 V,
1814 3771 1879 3824 ad
1918 3770 2086 3823 sinum
2122 3765 2444 3837 parallaxeos
