2528 4172
290 286 356 337 96
794 272 1359 328 PHILOSOPHIAE
1402 274 1859 327 NATURALIS
1913 274 2032 338 [DE
2057 275 2259 327 Mum).
2285 277 2440 328 Srs‘r.

293 428 348 478 in
383 426 651 477 minorem.
730 422 801 473 Et
835 423 1077 474 fluxuum
1118 420 1408 472 differentia
1432 422 1660 472 maxima
1692 421 1885 472 incidet
1912 421 1973 490 (⁰)
2001 421 2055 471 in
2080 430 2314 489 tempora
2339 420 2441 471 sol-

296 519 580 577 stitiorum3
641 513 933 583 praesertim
977 519 1018 563 si
1059 512 1229 563 Lunae
1268 512 1436 563 nodus
1481 512 1762 563 ascendens
1808 520 2043 563 versatur
2085 511 2140 560 in
2179 511 2438 579 principio

586 609 672 660 Sic
716 605 1029 676 experientia
1073 615 1394 674 compertum
1433 614 1525 669 est,
1568 605 1707 676 quod
1743 615 1898 656 aestus
1934 603 2173 654 matutini
2207 613 2442 670 tempore

296 708 531 778 hyberno
558 712 804 771 superant
826 701 1162 769 vespertin05‚
1193 710 1243 750 et
1268 699 1547 767 vespertini
1574 708 1809 766 tempore
1835 697 2014 748 aestivo
2043 695 2340 756 matutinOS,
2377 693 2445 745 ad

301 796 639 869 Plymuthum
665 794 875 864 quidem
901 793 1172 844 altitudine
1199 791 1344 862 quasi
1368 791 1515 860 pedis
1541 792 1711 854 unius,
1753 791 1820 842 ad
1853 789 2155 842 Bristoliam
2180 786 2304 839 vero
2330 787 2444 838 alti-

299 892 475 944 tudine
502 887 797 959 quindecim
822 887 1139 958 digitorum:
1181 884 1571 936 observantibus
1601 884 1930 952 Colepressio
1956 893 2008 934 et
2037 882 2283 935 Sturmio.

299 613 506 666 Arietis.

372 984 554 1035 Motus
594 990 767 1032 autem
802 980 1053 1031 hactenus
1081 977 1325 1046 descripti
1362 986 1629 1029 mutantur
1655 976 2030 1047 aliquantulum
2056 994 2150 1044 per
2175 975 2280 1025 vim
2305 972 2447 1024 illam

298 1073 718 1144 reciprocationis
758 1090 1023 1143 aquarum,
1065 1070 1164 1141 qua
1203 1071 1358 1121 maris
1385 1081 1558 1133 aestus,
1591 1070 1746 1122 etiam
1772 1070 2090 1121 cessantibus
2115 1068 2448 1119 luminarium

302 1168 607 1230 actionibus,
653 1174 830 1234 posset
874 1163 1191 1233 aliquamdiu
1233 1181 1579 1231 perseverare.
1673 1162 2017 1214 Conservatio
2059 1161 2234 1213 haecce
2277 1158 2450 1211 motus

300 1258 536 1328 impressi
570 1256 756 1307 minuit
790 1254 1135 1306 differentiam
1172 1264 1391 1304 aestuum
1418 1252 1768 1313 alternorum3
1810 1261 1861 1303 et
1887 1261 2042 1302 aestus
2067 1249 2306 1319 proxime
2332 1259 2453 1318 post

302 1351 535 1422 syzygias
560 1349 780 1417 majores
807 1345 991 1408 reddit,
1022 1363 1212 1414 eosque
1238 1344 1481 1412 proxime
1507 1354 1627 1413 post
1654 1344 1993 1414 quadraturas
2019 1343 2221 1393 minuit.
2293 1341 2453 1394 Unde

301 1443 361 1493 fit
397 1451 454 1493 ut
491 1450 644 1492 aestus
680 1438 864 1489 alterni
898 1437 964 1487 ad
999 1435 1337 1504 Plymuthum
1363 1435 1430 1496 ad
1461 1435 1760 1486 Bristoliam
1786 1452 1893 1484 non
1918 1432 2085 1485 multo
2111 1433 2275 1503 magis
2303 1432 2454 1483 diffe-

302 1545 419 1584 rant
459 1533 524 1584 ab
566 1531 786 1582 invicem
824 1528 979 1599 quarn
1017 1527 1287 1579 altitudine
1320 1527 1467 1595 pedis
1503 1529 1656 1578 unius
1688 1527 1770 1578 vel
1805 1527 2087 1597 digitorum
2123 1526 2452 1595 quindecim3

304 1637 461 1695 utque
495 1634 649 1675 aestus
689 1622 921 1673 omnium
956 1620 1173 1671 maximi
1211 1620 1266 1669 in
1302 1620 1487 1671 iisdem
1512 1620 1784 1688 portubus,
1814 1638 1920 1669 non
1948 1620 2049 1670 sint
2072 1619 2228 1687 primi
2254 1639 2284 1670 a
2311 1638 2454 1689 syzy-

303 1716 418 1787 giis,
463 1714 554 1765 sed
596 1713 750 1764 tertii.
829 1709 1180 1762 Retardantur
1217 1711 1371 1761 etiam
1413 1721 1587 1762 motus
1625 1729 1802 1762 omnes
1840 1710 1893 1761 in
1927 1710 2146 1761 transitu
2178 1729 2273 1778 per
2306 1711 2453 1773 vada,

305 1804 435 1854 adeo
473 1812 531 1853 ut
569 1812 723 1852 aestus
763 1799 996 1850 omnium
1036 1799 1267 1861 maximi,
1304 1800 1359 1850 in
1393 1799 1536 1851 fretis
1573 1799 1883 1870 quibusdam
1909 1810 1961 1851 et
1984 1799 2260 1850 fluviorum
2295 1800 2453 1862 ostiis,

308 1895 371 1963 (P)
401 1894 502 1945 sint
528 1891 696 1962 quarti
721 1890 803 1942 vel
830 1889 987 1941 etiam
1014 1890 1181 1959 quinti
1207 1910 1237 1941 a
1263 1891 1500 1961 syzygiis.

362 2056 419 2108 (⁰)
441 2060 462 2081 *²
486 2060 538 2096 In
556 2064 726 2106 tempora
744 2057 1002 2094 solstitiorum,
1055 2056 1170 2094 Tunc
1189 2055 1292 2093 enim
1312 2056 1352 2092 in
1408 2056 1536 2107 gendo
1554 2055 1646 2095 vero
1674 2056 1723 2095 de
1750 2056 1810 2095 his
1836 2056 2028 2095 littoribus
2046 2068 2115 2106 per
2133 2055 2266 2095 oceani
2285 2055 2458 2094 latitudi-

307 2110 473 2159 syzygiis
500 2118 709 2159 utrumque
739 2109 929 2146 luminare
949 2110 996 2145 ab
1016 2118 1207 2159 aequatore
1231 2109 1352 2146 maxi·
1409 2122 1499 2147 nem
1527 2110 1575 2147 ad
1603 2123 1688 2147 oras
1709 2111 1911 2155 Americae‚
1946 2110 2092 2148 accedit
2121 2118 2236 2148 aestus
2263 2108 2389 2158 prim&
2409 2110 2457 2147 ad

308 2161 371 2200 me
391 2163 572 2207 declinat,
606 2161 722 2212 atque
758 2161 937 2199 fluxuum
975 2160 1192 2200 differentia
1228 2162 1353 2200 adhuc

308 2216 525 2266 augebitur,
547 2218 576 2253 si
601 2216 727 2253 Lunae
746 2214 872 2252 nodus
890 2215 1099 2253 ascendens
1118 2223 1290 2253 versatur
1316 2215 1359 2251 in

307 2269 498 2318 principio
521 2268 687 2315 Arietis;
710 2281 800 2306 narn
821 2275 958 2317 praeter
969 2268 1237 2306 declinationis
1260 2268 1359 2306 Solis

309 2323 530 2367 maximam,
563 2322 680 2359 Luna
702 2334 856 2372 quoque
879 2320 958 2358 Soli
979 2322 1186 2372 conjuncta
1204 2321 1358 2372 quanti-

311 2384 389 2412 tate
417 2374 631 2412 latitudinis
660 2375 840 2412 maximae
859 2374 899 2411 in
917 2376 1072 2411 boream
1092 2383 1159 2412 aut
1184 2382 1359 2412 austrum

312 2428 435 2477 magis
462 2427 640 2465 declinat.
697 2427 807 2464 Hinc
835 2426 880 2464 fit
904 2426 1045 2464 fluctus
1069 2427 1233 2465 borealis
1252 2427 1361 2465 nobis

313 2481 567 2517 vicinissimus
594 2488 632 2517 et
658 2480 800 2517 fluctus
818 2479 995 2517 australis
1013 2480 1292 2518 remotissimus
1319 2480 1361 2517 in

315 2533 450 2571 eadem
470 2533 708 2570 revolutione
727 2531 878 2570 diurna.

368 2587 425 2638 (Ρ)
449 2590 469 2610 *
494 2588 578 2624 Sint
598 2588 727 2635 quarti
746 2589 803 2624 vel
820 2588 932 2624 etiam
953 2588 1092 2636 quinti.
1155 2586 1206 2624 In
1229 2587 1359 2635 Opus-

315 2640 403 2677 culo
440 2639 488 2676 de
520 2638 666 2676 Mundi
702 2640 914 2687 Systemate
946 2639 1124 2688 quaedam
1153 2646 1362 2678 occurrunt

314 2693 595 2731 observationes
613 2705 700 2742 quae
719 2692 768 2730 ad
786 2693 891 2729 hunc
910 2693 1040 2729 locum
1064 2693 1269 2741 pertinent,
1299 2706 1363 2730 eas

314 2746 443 2795 itaque
471 2745 740 2783 exscribemus.
803 2745 905 2782 Fieri
934 2745 1047 2782 etiam
1074 2753 1209 2794 potest,
1237 2746 1364 2796 inquit

316 2807 439 2844 autor,
460 2807 504 2836 ut
523 2806 640 2836 aestus
658 2798 833 2835 omnium
853 2798 1045 2836 maximus
1064 2800 1111 2836 sit
1129 2807 1288 2849 quartus
1305 2799 1364 2837 vel

316 2852 476 2901 quintus
495 2866 518 2889 a
535 2851 700 2901 syzygiis
720 2851 779 2888 vel
807 2851 951 2888 tardius
977 2851 1165 2898 adveniat,
1195 2851 1242 2890 ed
1259 2853 1363 2903 quod

318 2906 560 2942 retardantur
587 2913 716 2942 motus
741 2904 908 2941 marium
937 2906 977 2942 in
1006 2906 1170 2942 transitu
1194 2919 1262 2954 per
1281 2906 1364 2945 loca

319 2958 458 2998 vadosa
489 2957 537 2995 ad
570 2956 708 2995 littora.
772 2957 833 2994 Sic
864 2958 967 2996 enim
998 2965 1112 2995 aestus
1144 2959 1292 2997 accedit
1318 2960 1368 2997 ad

319 3011 428 3049 littus
457 3009 693 3048 occidentale
732 3010 935 3048 Hiberniae
963 3010 1061 3049 hora
1088 3011 1198 3049 tertia
1226 3011 1364 3059 lunari,

321 3072 359 3101 et
378 3072 465 3112 post
490 3065 625 3101 horam
653 3075 773 3101 unam
792 3070 831 3101 et
848 3064 1007 3102 alteram
1026 3064 1075 3101 ad
1093 3074 1225 3112 portus
1244 3066 1283 3101 in
1304 3065 1365 3103 lit-

321 3123 404 3153 tore
441 3116 597 3154 australi
633 3116 806 3166 ejusdem
842 3117 990 3160 insulae,
1009 3124 1054 3154 ut
1081 3126 1119 3154 et
1148 3117 1196 3154 ad
1224 3118 1370 3156 insulas

328 3170 576 3207 Cassiterides
594 3168 714 3219 vulgo
733 3168 887 3220 Sorling
906 3170 1037 3208 dictas.
1062 3189 1067 3194 ·
1100 3170 1205 3207 Dein
1220 3183 1370 3208 succes-

325 3221 403 3259 sive
431 3222 479 3260 ad
514 3223 778 3266 Falmufflum,
798 3221 1071 3274 Plymuthum,
1106 3222 1370 3261 Portlandiam

325 3274 507 3320 insulam,
531 3276 704 3319 Vectam,
728 3275 1039 3321 Wincnelseiam‚
1067 3275 1288 3320 Doveriam,
1309 3289 1370 3313 os-

327 3326 427 3364 tium
462 3329 636 3366 Tamesis
668 3336 706 3366 et
740 3328 904 3366 Pontem
938 3327 1238 3372 Londinensem‚
1278 3341 1370 3367 con-

329 3381 492 3429 sumptis
518 3381 621 3436 poris
645 3381 851 3419 duodecim
874 3382 915 3419 in
939 3383 1011 3419 hoc
1029 3380 1176 3419 itinere.
1238 3381 1315 3420 Sed
1333 3390 1371 3420 et

329 3432 463 3470 oceani
481 3433 602 3481 ipsius
625 3435 741 3473 alveis
759 3434 864 3472 haud
882 3435 972 3473 satis
991 3434 1192 3483 profundis
1210 3434 1372 3484 impedi·

328 3492 394 3523 tur
426 3494 592 3524 aestuum
619 3489 857 3538 propagatio,
890 3488 1024 3526 incidit
1052 3487 1157 3526 enim
1183 3494 1298 3525 aestus
1324 3487 1375 3526 ad

331 3537 476 3576 insulas
512 3539 743 3578 Fortunatas
775 3549 813 3579 et
842 3540 891 3579 ad
920 3540 1173 3579 occidentalia
1202 3540 1375 3591 marique

336 3591 535 3630 Atlantico
575 3593 745 3641 exposita
788 3593 917 3632 littora
965 3593 1179 3638 Hiberniae,
1221 3593 1371 3640 Galliae,

336 3644 540 3692 Hispaniae
552 3652 590 3682 et
608 3645 752 3682 Africae
770 3647 887 3684 totius
902 3660 1023 3697 usque
1041 3646 1090 3684 ad
1108 3647 1236 3695 Caput
1254 3646 1378 3684 Bonae

337 3697 424 3746 Spei
445 3698 486 3734 in
504 3699 639 3734 horam
658 3698 810 3736 tertiam
837 3699 1025 3746 lunarem,
1055 3708 1309 3750 praeterquam
1335 3700 1377 3736 in

334 3750 428 3788 locis
454 3750 656 3788 nonnullis
674 3750 823 3789 vadosis
840 3753 907 3789 ubi
935 3760 1051 3790 aestus
1077 3752 1283 3802 impeditus
1301 3759 1376 3790 tar-

1412 2163 1587 2201 Brasiliae
1616 2164 1745 2201 littora
1771 2163 1941 2202 maxime
1969 2163 2169 2201 orientalia
2197 2163 2296 2201 circa
2323 2164 2460 2199 horam

1412 2216 1589 2254 lunarem
1619 2226 1796 2266 quartam
1826 2217 1887 2254 vel
1918 2217 2117 2266 quintam3
2147 2215 2287 2254 deinde
2316 2216 2365 2253 ad
2396 2228 2459 2252 os-

1414 2269 1514 2306 tium
1547 2269 1651 2307 fluvii
1688 2270 1933 2307 Amazonum
1961 2268 2059 2306 hora
2088 2268 2206 2314 sexta,
2241 2269 2290 2306 ad
2317 2268 2462 2305 insulas

1414 2320 1505 2360 vero
1532 2322 1750 2371 adjacentes
1777 2321 1872 2360 hora
1898 2320 2046 2372 quarta,
2077 2321 2209 2370 postea
2241 2322 2291 2360 ad
2318 2321 2463 2358 insulas

1419 2375 1636 2413 Bermudas
1660 2374 1756 2413 hora
1783 2373 1946 2423 septima
1971 2382 2009 2412 et
2038 2375 2087 2412 ad
2116 2376 2148 2412 F
2152 2374 2283 2412 loridae
2308 2382 2463 2424 portum

1420 2429 1459 2466 S.
1488 2428 1699 2478 Augustini
1718 2427 1813 2466 hora
1833 2428 1895 2479 7}
1941 2428 2108 2466 Tardius
2127 2428 2245 2477 igitur
2264 2427 2463 2478 progredi—

1416 2489 1480 2519 tur
1499 2492 1615 2518 aestus
1633 2494 1701 2530 per
1727 2482 1917 2519 oceanum
1945 2479 2063 2531 quam
2083 2494 2155 2530 pro
2172 2481 2318 2518 ratione
2336 2480 2464 2518 motfis

1417 2534 1571 2581 Lunae3
1602 2542 1640 2571 et
1666 2535 1944 2583 pernecessaria
1968 2541 2024 2571 est
2050 2536 2178 2571 haecce
2197 2534 2401 2571 retardatio
2419 2541 2464 2571 ut

1414 2599 1520 2624 mare
1538 2587 1674 2625 eodem
1690 2595 1862 2636 tempore
1877 2587 2082 2625 descendat
2093 2588 2193 2625 inter
2209 2588 2411 2625 Brasiliam
2427 2594 2465 2624 et

1417 2641 1573 2678 Novam
1605 2640 1820 2683 Franciam‚
1851 2641 2106 2690 ascendatque
2126 2640 2175 2678 ad
2201 2640 2347 2677 insulas
2371 2640 2463 2677 For-

1416 2701 1568 2731 tunatas
1604 2701 1644 2731 et
1680 2694 1808 2731 littora
1849 2695 2016 2743 Europae
2052 2701 2091 2731 et
2126 2693 2270 2731 Africae
2298 2701 2336 2730 et
2361 2693 2460 2730 vice—

1416 2745 1535 2784 versa.
1597 2747 1777 2797 Namque
1803 2759 1908 2784 mare
1936 2747 2139 2785 ascendere
2159 2747 2292 2797 nequit
2318 2746 2359 2783 in
2384 2758 2465 2783 uno

1417 2800 1503 2837 loco
1522 2800 1616 2850 quin
1635 2800 1752 2837 simul
1770 2799 1975 2838 descendat
1998 2800 2039 2837 in
2058 2800 2189 2838 altero.
2253 2800 2360 2850 Lege
2383 2799 2464 2848 jam

1418 2852 1606 2902 descripta
1632 2853 1767 2904 agitari
1786 2866 1939 2904 quoque
1959 2866 2063 2891 mare
2097 2852 2308 2890 Pacificum
2337 2852 2466 2889 verisi-

1417 2906 1509 2943 mile
1541 2914 1609 2944 est.
1688 2907 1869 2957 Namque
1901 2915 2016 2945 aestus
2052 2906 2225 2943 altissimi
2261 2905 2301 2941 in
2340 2905 2466 2942 littore

1426 2959 1612 2998 Chiliensi
1639 2967 1677 2997 et
1707 2960 1926 2997 Peruviano
1944 2959 2111 2996 incidere
2130 2958 2313 2995 dicuntur
2331 2958 2371 2994 in
2396 2959 2464 2995 ho-

1421 3025 1504 3051 ram
1531 3012 1680 3050 tertiam
1710 3012 1897 3057 lunarem,
1918 3012 1984 3050 sed
2001 3010 2079 3062 quii
2105 3011 2305 3048 velocitate
2329 3023 2464 3059 propa-

1422 3074 1566 3117 gantur
1583 3066 1675 3103 inde
1693 3065 1742 3103 ad
1761 3065 1868 3103 littus
1885 3065 2071 3103 orientale
2090 3064 2266 3113 Japoniae
2285 3072 2322 3101 et
2340 3063 2388 3100 ad
2407 3064 2467 3100 in·
2503 3100 2507 3106 ,

1423 3118 1527 3156 sulas
1550 3118 1791 3166 Philippinas
1810 3126 2041 3169 caeterasque
2059 3130 2180 3168 regno
2202 3117 2383 3155 Sinarum
2400 3116 2468 3154 ad·
2512 3124 2528 3165 -ξ

1419 3171 1590 3222 jacentes
1609 3171 1784 3209 nondum
1803 3170 1937 3219 reperi.

1482 3228 1567 3262 108.
1603 3224 1654 3262 In
1683 3223 1798 3261 alveis
1830 3223 2037 3261 fluminum
2069 3223 2213 3274 pendet
2237 3223 2407 3261 influxus
2431 3229 2471 3261 et

1425 3276 1595 3314 refluxus
1625 3289 1649 3314 a
1680 3276 1886 3314 fluminum
1919 3289 2047 3315 cursu.
2109 3279 2215 3315 Nam
2241 3289 2376 3315 cursus
2403 3276 2470 3314 ille

1424 3329 1515 3367 facit
1532 3341 1671 3379 aquam
1690 3328 1837 3367 tardius
1856 3328 2017 3368 influere
2036 3343 2082 3368 ex
2102 3332 2211 3376 mari,
2240 3339 2278 3368 et
2305 3330 2345 3367 in
2364 3341 2470 3367 mare

1426 3382 1538 3420 citius
1557 3390 1594 3420 et
1621 3382 1789 3420 velocius
1816 3382 1976 3421 refluere
1994 3382 2111 3434 atque
2129 3382 2226 3422 ade&
2245 3383 2392 3420 diutius
2410 3395 2470 3420 re-

1426 3434 1545 3473 fluere
1572 3433 1690 3485 quam
1717 3435 1890 3481 influere,
1919 3438 2131 3485 praesertim
2149 3437 2180 3474 si
2200 3435 2316 3487 longe
2335 3435 2374 3472 in
2394 3435 2471 3473 flu-

1427 3500 1518 3526 men
1537 3488 1754 3526 ascenditur
1772 3489 1839 3527 ubi
1856 3489 1983 3527 minor
2001 3498 2058 3528 est
2076 3490 2132 3528 vis
2149 3489 2276 3527 maris.
2339 3488 2401 3525 Sic
2428 3489 2470 3525 in

1429 3540 1550 3579 fluxio
1572 3542 1722 3579 Avonae
1749 3542 1799 3579 ad
1826 3543 1984 3580 tertium
2009 3543 2176 3592 lapidem
2203 3540 2304 3579 infra
2325 3541 2472 3579 Bristo-

1428 3594 1520 3632 liam
1539 3594 1654 3632 refert
1676 3595 1868 3633 sturmius
1882 3609 2021 3646 aquam
2036 3597 2139 3633 boris
2152 3595 2280 3646 quinis
2297 3593 2470 3639 influere,

1430 3648 1596 3696 septenis
1613 3647 1773 3685 refluere
1791 3648 1907 3698 supra
1929 3649 2163 3694 Bristoliam‚
2193 3657 2238 3685 ut
2256 3647 2304 3684 ad
2329 3648 2473 3685 Canes-

1431 3700 1520 3738 ham
1539 3700 1599 3737 vel
1622 3701 1854 3739 Bathoniam
1873 3702 2089 3740 differentia
2106 3700 2239 3751 procul
2258 3700 2377 3738 dubio
2391 3713 2474 3738 ma-

1428 3752 1490 3803 jor
1507 3761 1574 3790 est.
1638 3754 1788 3792 Pendet
1813 3755 1929 3793 etiam
1947 3756 2029 3793 haec
2049 3752 2265 3792 differentia
2282 3767 2305 3790 a
2324 3753 2476 3804 magni-

336 3803 427 3841 dius
445 3802 611 3849 advenit,
633 3804 749 3854 inque
767 3804 867 3842 freto
883 3805 1079 3843 Gaditano
1093 3805 1198 3856 quod
1212 3813 1322 3843 motu
1336 3818 1383 3842 ex
1438 3805 1572 3844 tudine
1591 3805 1720 3844 fluxus
1739 3815 1777 3845 et
1795 3806 1975 3846 refluxus.
2037 3807 2141 3845 Nam
2165 3818 2283 3855 prope
2310 3806 2480 3844 lumina-

338 3856 435 3895 mari
456 3856 743 3895 Mediterraneo
762 3864 973 3909 propagato
984 3857 1100 3896 citius
1118 3865 1255 3897 aestuat
1265 3873 1277 3906 ς
1297 3871 1383 3908 per·-
1439 3858 1542 3897 rium
1560 3860 1744 3911 syzygiaS,
1775 3860 2033 3899 vehementior
2051 3859 2166 3899 maris
2183 3868 2313 3899 motus
2330 3858 2483 3899 facilius
