2528 4172
552 277 868 331 FLUXUS
906 276 1006 329 AC
1051 274 1475 329 REFLUXUS
1517 273 1783 327 MARIS.
2133 279 2237 329 287

96 418 267 487 ipsum
291 419 560 471 meridiem
585 419 780 471 incidat
794 439 807 480 ;
846 420 961 486 ipso
987 437 1193 488 quoque
1218 418 1453 469 meridiei
1486 427 1749 469 momento
1774 416 2001 467 maxima
2026 414 2239 468 babebi-

100 521 183 561 tur
210 530 357 580 aquae
385 511 631 571 elevati03
671 510 965 578 pariterque
991 508 1032 559 si
1070 509 1124 559 id
1150 509 1350 559 eveniat
1374 508 1542 559 media
1571 518 1738 569 nocte,
1780 507 1963 558 eodem
1989 506 2104 574 ipso
2128 524 2241 556 mo-

94 613 271 654 mento
307 622 442 672 aqua
477 594 760 653 maximam
797 601 1052 652 obtinebit
1087 601 1439 651 elevationem.
1519 598 1716 650 Verum
1745 599 1789 649 si
1826 598 2121 666 conjunctio
2158 597 2240 652 vel

96 696 354 763 oppositio
383 693 722 746 'luminarium
759 693 1028 745 meridiem
1072 694 1153 744 vel
1195 693 1457 761 praecedat
1497 691 1578 741 vel
1616 699 1875 759 sequatur,
1916 699 2026 740 tum
2068 689 2239 740 fluxus

93 803 200 835 non
236 785 290 835 in
326 785 502 853 ipsum
538 785 808 836 meridiem
844 784 1052 845 incidet,
1095 784 1185 834 sed
1222 783 1304 834 vel
1335 780 1532 833 tardius
1572 782 1649 832 vel
1698 778 1845 832 citius
1885 780 2070 842 veniet,
2118 779 2240 849 quia

96 873 251 925 Luna
288 873 370 924 his
410 873 612 925 casibus
650 884 896 943 tanquam
932 872 1177 940 primaria
1211 870 1367 923 aestfis
1395 890 1549 922 causa
1576 870 1657 921 vel
1690 879 1810 938 post
1834 868 1915 919 vel
1940 879 2060 920 ante
2085 869 2239 920 meri-

95 962 231 1013 diem
271 962 339 1014 ad
377 963 722 1014 meridianum
762 962 1025 1032 pertingit.
1103 963 1278 1031 Atque
1302 961 1425 1012 hinc
1452 979 1515 1011 eo
1541 959 1640 1022 die,
1681 959 1736 1009 in
1763 977 1918 1028 quem
1942 960 2049 1009 sive
2072 959 2239 1027 pleni-

93 1054 296 1105 lunium
321 1054 427 1105 sive
452 1054 775 1105 novilunium
799 1053 997 1116 incidit,
1024 1051 1171 1104 facile
1194 1051 1387 1120 poterit
1412 1050 1617 1102 definiri
1643 1049 1944 1101 acceleratio
1970 1049 2052 1100 vel
2078 1060 2240 1101 retar-

94 1142 236 1194 datio
277 1141 448 1193 fluxfis
492 1152 731 1211 respectu
768 1142 1018 1194 meridiei.
1113 1141 1376 1193 Ponamus
1414 1140 1552 1191 enim
1588 1138 1911 1190 novilunium
1947 1158 2039 1190 seu
2073 1139 2240 1206 pleni-

92 1233 294 1284 lunium
319 1233 572 1285 celebrari
598 1253 633 1284 n
659 1233 801 1284 horis
828 1243 946 1284 ante
972 1232 1256 1295 meridiem,
1285 1232 1423 1283 unde
1449 1230 1566 1283 cum
1592 1241 1763 1283 motus
1790 1231 1958 1282 Lunae
1984 1231 2183 1284 medius
2209 1253 2241 1284 a

97 1325 216 1377 Sole
242 1325 458 1377 diurnus
487 1326 553 1377 sit
583 1332 686 1376 12⁰.
715 1324 934 1387 circiter,
975 1324 1088 1392 ipso
1112 1324 1328 1374 meridie
1355 1324 1509 1375 Luna
1534 1343 1565 1374 a
1590 1322 1876 1374 meridiano
1894 1323 2003 1390 jam
2029 1321 2241 1379 distabit

94 1448 287 1520 angulo
319 1448 529 1501 horario
558 1435 625 1553 {-
649 1449 795 1519 grad.
824 1446 1001 1500 versus
1039 1458 1226 1511 ortum,
1267 1467 1332 1502 ex
1364 1467 1467 1517 quo
1507 1448 1661 1503 Luna
1697 1456 1817 1516 post
1855 1447 2121 1502 meridiem
2150 1447 2240 1500 de·-

92 1643 236 1677 mum
260 1643 357 1694 per
380 1625 723 1677 meridianum
748 1625 1003 1691 transibit,
1033 1625 1217 1697 elapsis
1248 1611 1315 1729 ἕό
1342 1623 1487 1675 horis
1527 1643 1617 1674 seu
1655 1630 1743 1676 211
1799 1623 2012 1674 minutis
2042 1623 2239 1691 primis.

98 1769 192 1820 Sin
217 1778 392 1820 autem
415 1769 735 1821 novilunium
762 1769 1171 1838 pleniluniumve
1198 1767 1398 1819 accidat
1423 1786 1457 1817 n
1482 1766 1626 1818 horis
1661 1776 1781 1835 post
1805 1766 2091 1831 meridiem,
2131 1777 2243 1821 tum

98 1858 254 1908 maris
280 1857 506 1909 maxima
544 1858 761 1910 elevatio
799 1865 830 1909 2
858 1877 894 1909 n
932 1858 1142 1909 minutis
1168 1867 1285 1908 ante
1317 1856 1585 1909 meridiem
1612 1857 1825 1910 eveniet.
1905 1857 2043 1910 Haec
2070 1867 2243 1911 autem

97 1959 359 2000 momenta
382 1948 763 2001 accuratissime
791 1958 1184 2019 cognoscentur,
1227 1948 1268 1997 si
1303 1947 1369 1998 ad
1396 1947 1624 2017 singulos
1652 1946 1760 1997 dies
1785 1946 2030 1999 transitus
2073 1947 2243 1998 Lunae

93 2059 190 2109 per
215 2040 558 2092 meridianum
584 2049 978 2109 computentur3
1017 2058 1077 2090 ac
1101 2048 1352 2107 praeterea
1377 2049 1481 2088 tam
1506 2048 1649 2088 ortus
1675 2035 1831 2106 quam
1857 2056 2068 2088 occasus
2094 2049 2245 2090 note-

94 2139 197 2191 tur,
240 2128 432 2198 quippe
471 2128 658 2198 quibus
695 2127 968 2181 momentis
1005 2125 1232 2176 maxima
1265 2143 1414 2194 aquae
1441 2124 1705 2192 depressio
1733 2124 2041 2191 respondet3
2081 2125 2246 2193 majo-

96 2238 208 2270 rem
250 2230 425 2270 autem
464 2218 764 2288 hujusmodi
804 2218 979 2270 tabula
1023 2217 1200 2269 afferet
1243 2216 1530 2279 utilitatem,
1579 2216 1621 2269 si
1663 2216 1875 2285 insuper
1926 2217 2106 2286 quovis
2157 2216 2243 2268 die

96 2310 340 2362 distantia
365 2310 534 2363 Lunae
561 2329 591 2361 a
618 2308 784 2361 Terra
821 2308 1111 2370 inducetur,
1141 2307 1332 2380 quippe
1358 2327 1389 2358 a
1414 2305 1513 2380 qua
1543 2306 1711 2359 Lunae
1738 2306 1948 2359 effectus
1974 2304 2243 2375 praecipu&

96 2400 307 2469 pendet.
2020 2458 2024 2467 ι

168 2497 206 2558 ᾗ.
236 2500 323 2544 60.
367 2492 679 2563 Congruunt
715 2491 830 2543 haec
859 2493 969 2562 jam
995 2490 1228 2561 apprime
1255 2509 1373 2542 cum
1400 2490 1864 2552 observationibUS,
1907 2489 2093 2558 quibus
2121 2505 2246 2539 con-

102 2593 217 2646 stat,
247 2583 427 2635 diebus
452 2583 702 2634 novilunii
727 2584 822 2634 vel*
844 2583 1114 2651 plenilunii
1150 2592 1333 2633 aestum
1359 2581 1516 2632 maris
1543 2581 1819 2632 accelerari
1845 2580 1887 2632 si
1908 2577 2246 2632 »novilunium

100 2674 505 2741 pleniluniumve
542 2683 661 2741 post
699 2673 967 2743 meridiem
1010 2672 1224 2733 accidat,
1269 2669 1449 2722 contra
1481 2669 1605 2722 vero
1644 2668 1913 2722 retardari.
1991 2666 2245 2728 Quamvis

98 2764 236 2814 enim
263 2765 331 2815 ob
369 2780 516 2834 aquae
553 2764 791 2814 inertiam
827 2764 1055 2814 maxima
1092 2762 1248 2813 maris
1283 2762 1499 2813 elevatio
1533 2780 1640 2811 non
1666 2759 1980 2830 respondeat
2005 2757 2248 2826 appulsui

98 2853 265 2903 Lunae
293 2852 359 2904 ad
384 2851 743 2913 meridianum,
772 2851 861 2901 sed
888 2850 1089 2901 tardius
1116 2851 1330 2912 eveniat,
1352 2850 1427 2901 uti
1451 2859 1570 2917 post
1596 2848 1882 2910 docebitur,
1911 2857 2082 2901 tamen
2106 2846 2247 2899 simi·-

96 2943 231 2995 libus
259 2943 460 2995 casibus
488 2942 754 3012 aequaliter
780 2941 1125 2992 retardabitur
1140 2961 1154 3002 3
1193 2959 1290 3008 pro
1316 2941 1537 2991 termino
1563 2940 1723 3010 igitur
1748 2939 1873 3002 fixo,
1904 2938 1945 2989 si
1977 2937 2045 2988 ad
2070 2937 2247 2991 obser·-

97 3037 325 3087 vationes
353 3036 672 3104 respiciatur,
701 3053 808 3085 non
835 3035 968 3085 sumi
992 3034 1147 3086 debet
1171 3045 1492 3085 momentum
1517 3034 1769 3096 meridiei,
1799 3032 1890 3085 sed
1927 3033 1981 3084 id
2013 3050 2248 3086 momen·-

96 3135 225 3187 tum,
266 3144 370 3194 quo
409 3126 452 3176 si
490 3125 659 3176 Lunae
687 3143 806 3175 cum
837 3124 957 3176 Sole
985 3124 1278 3192 conjunctio
1304 3124 1386 3175 vel
1412 3124 1669 3193 oppositio
1699 3124 1753 3174 in
1777 3124 1948 3192 ipsum
1973 3123 2247 3178 meridiem

98 3219 296 3281 incidit,
338 3238 537 3270 summa
575 3238 723 3288 aquae
763 3218 978 3269 elevatio
1016 3218 1332 3268 observatur.
1411 3217 1536 3268 Hoc
1573 3216 1731 3287 igitur
1756 3225 2022 3267 momento
2047 3225 2244 3278 notate,

97 3309 174 3359 uti
199 3292 264 3360 ab
290 3308 350 3358 iis
377 3308 465 3377 qui
490 3307 789 3375 hujusmodi
815 3306 1199 3358 observationes
1225 3305 1501 3356 instituunt
1525 3304 1639 3355 fieri
1665 3303 1809 3367 solet,
1834 3304 1876 3355 si
1901 3303 2246 3372 plenilunium

97 3396 484 3447 noviluniumve
522 3395 605 3446 vel
643 3406 761 3446 ante
798 3395 880 3445 vel
917 3404 1038 3463 post
1074 3394 1342 3444 meridiem
1379 3393 1589 3455 incidat,
1618 3411 1820 3445 summa
1844 3393 2002 3446 maris
2028 3392 2244 3445 elevatio

100 3484 182 3535 v'el
218 3482 415 3536 tardius
452 3483 534 3534 vel
573 3480 721 3533 citius
760 3483 1053 3553 continget:
1097 3492 1147 3532 et
1174 3481 1382 3551 quidem
1410 3482 1618 3552 syzygia
1641 3499 1763 3532 vera
1787 3500 1823 3533 n
1849 3481 1991 3534 horis
2016 3483 2096 3533 vel
2123 3493 2244 3538 ante

99 3574 367 3625 meridiem
405 3573 606 3624 eveniat
642 3572 723 3624 vel
760 3583 893 3641 post,
938 3584 1044 3624 tum
1071 3573 1243 3623 fluxus
1283 3579 1314 3623 2
1343 3591 1379 3622 n
1415 3573 1626 3624 minutis
1651 3574 1733 3624 vel
1761 3572 1957 3626 tardius
1981 3575 2063 3627 vel
2093 3573 2244 3630 citius

101 3662 363 3715 observari
397 3661 620 3712 debebit.
698 3661 873 3730 Atque
898 3661 1011 3714 haec
1037 3672 1114 3714 est
1138 3680 1198 3711 ea
1235 3661 1348 3728 ipsa
1372 3661 1553 3731 regula
1578 3680 1733 3732 quam
1759 3661 1919 3714 celeb.
1949 3663 2152 3716 Cassini
2189 3664 2243 3719 in

104 3752 266 3803 Mem.
296 3750 593 3802 Academiae
635 3749 817 3818 Regiae
854 3767 951 3816 pro
982 3768 1064 3800 an.
1099 3755 1250 3810 1710,
1292 3767 1357 3802 ex
1384 3749 1775 3818 quamplurimis
1802 3751 2243 3806 observationibus

103 3843 238 3896 inter
275 3860 330 3894 se
367 3839 675 3908 comparatis
714 3838 991 3900 derivavit3
1022 3839 1174 3908 jubet
1212 3838 1404 3891 scilicet
1441 3856 1715 3893 numerum
1751 3839 2014 3903 horarum,
2056 3839 2243 3910 quibus

1128 3928 1167 3965 X
1199 3932 1224 3965 2
