2528 4172
573 262 889 316 FLUXUS
927 260 1028 314 AC
1072 261 1494 315 REFLUXUS
1535 260 1797 313 MARIS.
2148 266 2254 311 289

118 403 258 457 sinus
296 403 592 458 elevationis
628 406 736 474 poli
773 426 823 452 =
861 405 920 467 P,
961 405 1102 455 sinus
1138 405 1496 456 declinationis
1533 404 1756 456 borealis
1795 402 1975 472 puncti
2012 400 2059 453 L
2095 420 2147 448 =
2185 401 2261 463 Q,

113 509 233 543 nam
260 492 302 542 si
329 492 602 545 declinatio
628 494 693 544 sit
719 493 973 556 australis,
1017 494 1157 544 sinus
1188 493 1240 554 Q
1268 494 1399 544 sumi
1428 493 1584 544 debet
1611 491 1864 562 negative,
1906 490 2109 541 cosinus
2135 489 2259 538 vero

114 581 485 649 respondentes
524 582 625 633 sint
660 601 696 650 p
724 593 774 634 et
800 602 848 652 q,
890 584 1175 650 reperietur
1202 583 1342 633 sinus
1370 583 1652 634 altitudinis
1684 584 1728 634 L
1757 601 1912 650 supra
1937 580 2258 631 horizontem

117 698 175 718 =
199 693 230 724 v
254 697 311 718 =
339 684 360 724 t
384 693 418 741 p
447 694 480 744 q
514 683 566 735 4-
603 674 648 725 P
681 674 764 735 Q:
804 675 1085 743 punctique
1123 675 1141 724 l
1180 674 1319 724 sinus
1354 675 1634 726 altitudinis
1668 693 1701 724 v
1734 682 1786 734 4-
1822 673 1857 724 d
1884 692 1913 723 v
1937 698 1994 717 =
2021 682 2042 723 t
2066 689 2100 738 p
2128 689 2162 739 q
2196 677 2248 731 -l-

120 762 165 813 P
193 760 247 822 Q
281 769 334 822 -}-
369 762 421 812 Τ
444 779 480 829 p
507 780 541 830 q
567 761 600 812 d
627 767 661 812 θ.
756 762 1016 823 Quocirca
1053 763 1095 813 si
1131 763 1285 813 Luna

115 860 340 920 ponatur
376 850 430 900 in
465 851 530 912 L,
572 848 690 902 cum
718 853 825 921 ejus
851 853 925 903 vis
951 852 1018 903 ad
1042 870 1185 904 mare
1211 862 1288 903 at-

118 973 404 1025 tollendum
419 973 485 1025 sit
499 939 803 1075 =Ij-(?.'.2Vl³)⁷
819 951 948 1053 ΞΤ]
963 944 998 1040 ),

117 1116 192 1168 vis
228 1116 621 1169 imerementum
654 1119 979 1187 tempusculo
1005 1120 1039 1171 d
1067 1126 1087 1170 θ
1111 1129 1283 1171 ortum

117 1209 537 1284 —3Lvdv—
564 1210 1282 1292 3L(tpq÷PQ)qud0·

1018 976 1116 1028 erit
1129 974 1285 1045 hujus

289 1294 325 1344 b
348 1293 369 1323 ⁵
876 1296 912 1346 b
926 1295 946 1323 ⁵

117 1386 192 1437 At
216 1384 260 1437 si
290 1384 380 1438 Sol
404 1395 629 1454 ponatur
655 1385 708 1436 in
730 1385 794 1448 L,
818 1373 925 1454 ejus
950 1386 1026 1436 vis
1053 1384 1119 1436 ad
1143 1402 1285 1436 mare

117 1474 423 1527 elevandum
447 1475 770 1544 tempusculo
809 1475 843 1526 d
871 1481 891 1524 θ
916 1476 1082 1543 capiet
1118 1474 1285 1526 incre-

115 1605 346 1648 mentum
365 1630 423 1651 =
445 1564 1284 1673 ww.

817 1666 847 1697 d.

121 1739 371 1801 Quamvis
397 1748 567 1791 autem
592 1756 689 1806 pro
719 1737 840 1790 Sole
865 1747 917 1788 et
943 1737 1094 1789 Luna
1121 1738 1292 1790 eidem
1326 1737 1518 1809 angulo
1544 1737 1579 1788 d
1605 1743 1625 1785 θ
1649 1755 1756 1787 non
1782 1735 2000 1805 aequalia
2025 1744 2259 1801 tempora

117 1828 479 1897 respondeant,
517 1838 691 1878 tamen
729 1827 849 1896 quia
886 1846 946 1877 ea
984 1828 1220 1895 proxime
1259 1828 1326 1879 ad
1362 1828 1615 1879 rationem
1653 1825 1958 1895 aequalitatis
1986 1823 2255 1885 accedunt,

118 1928 238 1968 sunt
282 1918 419 1968 enim
463 1927 520 1968 ut
563 1923 630 1967 24
676 1916 743 1967 ad
787 1921 890 1984 242}
935 1936 1025 1967 seu
1069 1928 1127 1968 ut
1172 1924 1238 1969 32
1283 1918 1350 1968 ad
1396 1926 1480 1978 33,
1529 1917 1637 1968 sine
1684 1915 1912 1966 sensibili
1951 1932 2124 1965 errore
2161 1931 2258 1981 pro

118 2006 402 2076 aequalibus
451 2006 633 2058 haberi
686 2017 945 2075 poterunt.
1050 2008 1263 2058 Interim
1316 2018 1489 2058 tamen
1541 2008 1583 2058 si
1632 2025 1713 2057 res
1766 2003 2002 2056 accurate
2054 2004 2259 2055 definiri

121 2098 321 2161 debeat,
388 2107 445 2149 et'
498 2098 574 2148 vis
640 2097 773 2149 Solis
834 2098 1209 2148 incrementum
1270 2098 1462 2168 angulo
1564 2096 1641 2147 dl?
1704 2095 2010 2164 acquisitum
2074 2095 2138 2145 sit
2201 2116 2258 2136 =

115 2185 875 2319 fflgffl-ss-azss-Qq
903 2186 936 2237 d
964 2193 999 2280 θ,
1041 2219 1137 2269 erit
1174 2219 1250 2270 vis
1289 2219 1457 2270 Lunae
1495 2217 1871 2267 incrementum
1908 2216 2091 2268 eodem
2129 2226 2258 2267 tem-

28 2372 51 2439 }ss
84 2425 87 2429 -
117 2393 336 2463 pusculo
362 2402 629 2461 acceptum
653 2414 711 2435 =
732 2365 1248 2440 --..---—32
831 2360 879 2410 L
906 2364 948 2427 (t
972 2379 1007 2429 p
1034 2380 1064 2430 q
1090 2369 1148 2494 ΓΞ
1176 2362 1219 2494 ξ
1240 2362 1321 2472 3Q)
1349 2362 1400 2413 T
1420 2381 1454 2430 p
1477 2381 1509 2430 q
1529 2361 1564 2411 d
1586 2366 1621 2444 θ.
1715 2391 1800 2443 Ex
1842 2391 1923 2442 his
1957 2390 2260 2462 intelligitur

118 2536 232 2588 liaec
274 2537 591 2588 incrementa
630 2535 794 2586 tribus
837 2533 1038 2585 casibus
1078 2552 1399 2597 evanescere,
1442 2554 1662 2605 quorum
1703 2537 1902 2604 primus
1944 2536 2114 2588 evenit
2162 2534 2258 2586 sub

118 2625 265 2693 polis,
296 2625 415 2695 quia
440 2624 512 2675 ibi
537 2633 614 2675 est
639 2642 674 2691 p
694 2647 750 2667 =
773 2631 805 2674 O
825 2641 839 2683 3
880 2622 1149 2685 secundUS,
1180 2623 1222 2673 si
1247 2633 1498 2691 punctum
1527 2624 1575 2676 L
1600 2626 1654 2675 in
1680 2626 1968 2677 meridiano
1995 2625 2060 2676 sit
2086 2628 2255 2686 situm,

120 2726 231 2765 tum
257 2715 394 2765 enim
419 2714 477 2783 fit
505 2713 555 2763 T
578 2736 635 2756 =
662 2720 728 2772 03
767 2711 946 2762 tertius
974 2710 1196 2780 deanue
1221 2711 1393 2762 locum
1418 2712 1589 2776 habet,
1619 2714 1661 2764 si
1685 2723 1938 2782 punctum
1965 2713 2012 2764 L
2037 2714 2089 2763 in
2117 2712 2259 2763 hori-

119 2813 269 2855 zonte
294 2803 495 2863 existat,
525 2800 614 2851 ubi
641 2809 717 2850 est
740 2809 762 2850 t
786 2817 820 2867 p
847 2818 881 2867 q
905 2799 958 2851 ÷
990 2798 1034 2849 P
1064 2798 1117 2859 Q
1140 2822 1197 2842 =
1224 2807 1274 2850 Ο.

190 2897 228 2959 §.
258 2899 343 2944 63.
387 2891 653 2943 Ponamus
692 2905 832 2938 nunc
873 2886 1047 2938 Solem
1084 2888 1136 2937 in
1177 2887 1223 2938 L
1262 2889 1455 2938 versari
1482 2908 1541 2940 ac
1567 2890 1774 2942 Lunam
1798 2909 1892 2959 per
1916 2889 2260 2941 meridianum

112 2984 222 3052 jam
249 2982 524 3043 transiisse,
553 2980 755 3049 hocque
780 2988 1045 3029 momento
1072 2977 1297 3029 maxime
1324 2997 1508 3048 aquam
1536 2999 1646 3032 esse
1673 2981 1953 3042 elevatam3
1984 2982 2094 3049 jam
2121 2981 2259 3032 enirn

34 3070 45 3113 ‘³
121 3072 438 3124 ostendimus
466 3071 592 3122 dum
623 3069 713 3122 Sol
738 3069 803 3120 ab
829 3068 1095 3119 horizonte
1122 3068 1331 3132 recedit,
1373 3088 1559 3139 aquam
1588 3090 1841 3124 summam
1878 3072 2106 3123 incidere
2142 3081 2261 3139 post

39 3161 57 3209 ’ἶ
114 3160 392 3214 'transitum
429 3162 598 3214 Lunae
635 3179 730 3230 per
766 3159 1126 3210 meridianum.
1205 3159 1329 3210 Hoc
1366 3179 1490 3231 ergo
1527 3173 1792 3215 momento
1829 3182 2037 3215 necesse
2071 3174 2163 3225 est,
2203 3173 2263 3214 ut

0 3262 30 3311 ’,ε
121 3253 505 3304 decrementum
525 3253 600 3303 vis
622 3251 806 3311 Lunae,
826 3248 965 3319 quod
984 3248 1307 3317 tempusculo
1327 3248 1362 3299 d
1378 3254 1398 3298 θ
1414 3251 1623 3317 patitur,
1646 3252 1843 3322 aequale
1864 3252 1927 3303 sit
1943 3253 2262 3303 incremento

33 3383 35 3385 .
122 3344 198 3395 vis
227 3343 361 3396 Solis
386 3343 569 3395 eodem
593 3353 828 3410 tempore
849 3349 1078 3408 accepto.
1135 3339 1213 3391 Sit
1237 3339 1394 3409 igitur
1414 3342 1590 3411 anguli
1609 3342 1803 3393 horarii
1821 3343 1888 3394 ad
1906 3343 2086 3410 polum
2107 3341 2262 3393 sumti

123 3450 227 3501 quo
265 3432 420 3483 Luna
447 3432 558 3500 jam
600 3450 631 3481 a
665 3429 952 3481 meridiano
990 3427 1214 3490 recessit,
1256 3427 1459 3479 cosinus
1484 3453 1541 3472 =
1568 3449 1619 3493 n,
1661 3431 1800 3482 sinus
1826 3456 1883 3476 =
1910 3431 1979 3494 N,
2017 3440 2170 3500 atque
2197 3431 2263 3481 sit

125 3521 294 3573 Lunae
320 3518 674 3571 declinationis
698 3517 919 3569 borealis
946 3517 1085 3568 sinus
1104 3539 1160 3560 =
1183 3516 1250 3577 R,
1280 3517 1484 3568 cosinus
1503 3541 1560 3561 =
1582 3538 1623 3581 r,
1653 3539 1719 3571 ex
1740 3521 1925 3589 quibus
1952 3520 2145 3572 orietur
2172 3519 2262 3570 de-

1474 3617 1503 3661 3
1526 3610 1813 3678 L(npr-l-
1840 3611 1975 3676 PR)
2000 3611 2242 3680 Nprdo

1816 3679 2258 3744 b'''³——'

128 3784 269 3854 quod
307 3782 425 3835 cum
462 3783 661 3853 aequale
698 3802 807 3835 esse
846 3782 1031 3834 debeat
1069 3782 1388 3835 incremento
1425 3783 1501 3834 vis
1543 3783 1677 3835 Solis
1715 3783 1897 3836 eodem
1936 3783 2262 3853 tempusculo

1101 3872 1141 3911 X
1161 3878 1185 3911 3

125 3651 443 3694 crementum
468 3641 545 3692 vis
567 3642 735 3693 Lunae
760 3640 1083 3709 tempusculo
1110 3639 1144 3689 d
1160 3644 1185 3688 ’θ
1204 3649 1377 3690 ortum
1394 3663 1451 3684 =
