2528 4172
245 284 361 341 ‚268
678 274 1119 338 INQUISITIO
1163 275 1499 331 PHYSICA
1545 277 1625 330 IN
1670 277 1992 332 CAUSAM

260 439 410 490 aquae
436 420 658 491 figuram
690 419 913 470 admisso
948 428 1095 471 motu
1118 420 1308 471 diurno
1334 420 1517 473 Terrae
1546 440 1577 472 a
1601 420 1768 493 figura
1796 421 2132 491 sphaeroidica
2160 441 2272 475 esse
2298 424 2402 475 dis-

261 522 602 579 crepaturam.
681 510 1020 578 Quapropter
1045 511 1099 561 in
1123 510 1225 562 hoc
1249 512 1462 581 negotio
1488 512 1720 563 sufficere
1744 522 1929 581 potest,
1961 512 2018 575 si,
2049 512 2216 564 Terra
2243 514 2404 565 instar

261 599 482 667 sphaerae
517 598 759 667 perfectae
796 598 1136 662 considerata,
1177 599 1483 651 definiamus
1520 610 1764 670 quantam
1790 600 2130 652 differentiam
2165 602 2220 652 in
2255 619 2404 671 aquae

188 728 215 734 ,μ
262 686 432 758 figura
470 686 603 738 vires
630 685 749 738 cum
789 687 923 739 Solis
959 685 1072 738 tum
1111 687 1282 739 Lunae
1316 687 1639 756 producant:
1679 687 1777 740 hac
1804 688 1941 741 enim
1966 689 2319 753 determinata,
2361 691 2404 742 si

261 778 445 829 Terrae
481 787 654 828 motus
691 777 958 847 vertiginis
994 779 1311 840 restituatur,
1350 779 1684 847 perspicuum
1720 780 1818 831 erit
1852 788 2014 831 totam
2044 779 2267 851 figuram
2305 780 2402 832 sub

262 876 525 936 aequatore
562 867 920 931 intumescere,
960 869 1056 919 sub
1091 869 1226 937 polis
1262 878 1436 920 autem
1473 869 1770 931 subsidere3
1807 870 1880 921 ita
1915 879 2087 922 tamen
2122 880 2181 922 ut
2210 871 2402 942 ubique

258 955 441 1007 eadem
480 954 561 1007 vel
598 956 815 1007 elevatio
851 956 933 1008 vel
969 957 1233 1025 depressio
1270 975 1420 1026 aquae
1455 976 1486 1009 a
1520 958 1716 1011 viribus
1753 959 1887 1011 Solis
1922 959 2153 1012 Lunaeve
2177 971 2398 1014 maneat.

261 1044 499 1113 Namque
538 1044 581 1095 si
620 1044 726 1095 ulla
764 1045 919 1096 etiam
957 1046 1175 1097 varietas
1225 1046 1281 1097 in
1317 1055 1448 1098 aestu
1483 1048 1639 1098 maris
1678 1067 1709 1099 a
1739 1057 1890 1100 motu
1914 1048 2178 1120 vertiginis
2216 1049 2399 1101 Terrae

256 1135 631 1203 proficiscatur,
672 1155 732 1187 ea
757 1136 956 1187 calculo
981 1146 1301 1188 monstrante
1325 1154 1581 1207 nusquam
1604 1139 1767 1208 major
1793 1157 1904 1190 esse
1928 1148 2099 1207 potest
2129 1143 2399 1211 partejgy

259 1223 418 1276 aestfis
444 1225 616 1275 totalis
630 1244 645 1286 3
679 1224 878 1276 tantilla
903 1234 1074 1276 autem
1100 1225 1389 1277 differentia
1415 1226 1584 1277 notari
1608 1245 1715 1278 non
1741 1237 1982 1290 meretur,
2011 1246 2178 1297 neque
2198 1228 2266 1279 ob
2286 1246 2399 1278 eam

258 1331 465 1365 causam
502 1331 674 1382 operae
710 1313 938 1382 pretium
975 1323 1053 1364 est
1087 1326 1194 1365 tam
1231 1314 1564 1382 complicatos
1604 1324 1655 1366 et
1691 1316 1952 1367 abstrusos
1990 1316 2211 1367 calculos
2249 1315 2395 1377 inire,

258 1402 325 1453 ad
352 1420 480 1471 quos
504 1401 881 1470 perveniretur,
923 1402 965 1453 si
1003 1402 1187 1454 Terrae
1213 1403 1383 1474 figura
1407 1404 1653 1455 naturalis
1680 1423 1710 1455 a
1736 1403 1986 1473 sphaerica
2013 1405 2213 1457 diversa
2238 1424 2399 1474 pone-

254 1503 415 1557 retur,
455 1504 610 1563 atque
643 1492 854 1562 insuper
880 1493 955 1544 vis
982 1493 1268 1564 centrifuga
1293 1513 1323 1544 a
1346 1503 1492 1546 motu
1516 1494 1780 1565 vertiginis
1810 1495 1992 1547 Terrae
2018 1496 2072 1546 in
2098 1505 2399 1564 computum

257 1582 552 1634 duceretur.
643 1632 653 1640 ,

326 1677 365 1739 ᾗ.
395 1679 480 1724 34.
526 1670 615 1722 Ad
641 1689 852 1722 curvam
878 1671 1036 1741 igitur
1074 1690 1104 1721 a
1130 1671 1196 1722 M
1222 1666 1334 1735 db,
1375 1673 1460 1724 cui
1484 1692 1545 1724 ea
1570 1692 1686 1743 quae
1712 1693 1777 1725 ex
1802 1674 1959 1726 altera
1987 1685 2134 1744 parte
2160 1676 2270 1726 axis
2309 1696 2338 1726 a
2362 1676 2397 1726 b

256 1761 435 1813 similis
462 1771 538 1812 est
565 1771 615 1811 et
641 1760 870 1830 aequalis,
899 1760 1360 1824 determinandam,
1387 1771 1612 1831 ponatur
1636 1762 1711 1814 vis
1738 1764 1972 1815 absoluta
1998 1765 2103 1815 sive
2133 1764 2265 1816 Solis
2294 1765 2398 1815 sive

256 1852 427 1904 Lunae
465 1851 520 1901 in
562 1851 598 1902 S
636 1850 901 1901 existentis
936 1869 987 1897 =
1025 1850 1079 1912 S,
1120 1850 1359 1901 distantia
1398 1850 1443 1903 C
1473 1852 1510 1903 S
1546 1871 1599 1900 =
1632 1870 1678 1915 a,
1722 1870 1781 1903 ac
1815 1852 1970 1903 ducta
2009 1852 2398 1904 semi-ordinata

257 1941 323 1993 M
359 1941 405 1993 P
440 1950 653 1992 vocetur
694 1939 739 1990 C
779 1939 824 1990 P
870 1957 923 1985 =
966 1956 1020 2001 X,
1060 1948 1112 1990 et
1150 1939 1194 1990 P
1223 1938 1288 1990 M
1327 1959 1379 1987 =
1412 1958 1463 2009 y.
1539 1939 1626 1991 Ex
1660 1940 1976 2009 praecedenti
2015 1940 2175 2011 igitur
2215 1941 2398 2010 Capite

252 2034 529 2086 habebitur
554 2033 647 2094 vis,
676 2029 777 2101 qua
801 2040 1055 2100 punctum
1083 2030 1148 2082 M
1174 2031 1255 2082 vel
1279 2051 1309 2082 a
1338 2031 1459 2083 Sole
1483 2030 1565 2083 vel
1592 2030 1744 2083 Luna
1769 2031 1949 2084 versus
1973 2032 2017 2083 C
2038 2032 2307 2102 urgebitur
2335 2053 2387 2079 =

252 2123 766 2278 Ἢ,
793 2156 1007 2225 insuper
1032 2165 1203 2207 autem
1228 2154 1366 2206 idem
1390 2165 1641 2224 punctum
1669 2154 1741 2207 Μ’
1760 2155 2115 2207 sollicitabitur
2151 2156 2204 2206 in
2231 2155 2396 2207 direc-

253 2335 394 2386 tione
413 2334 478 2386 M
497 2334 547 2385 R
567 2335 788 2386 normali
804 2334 870 2386 ad
888 2334 954 2386 M
972 2334 1017 2386 c
1034 2334 1084 2385 vi
1097 2367 1155 2387 =
1181 2303 1664 2412 {ER-.-
1723 2339 1776 2393 ÷
1810 2300 2394 2382 QX).

897 2419 899 2425 ι
1172 2406 1203 2438 a
1272 2382 1690 2454 V(xx—-yy)
1812 2384 2374 2453 2a4oes(xx÷yy)

256 2475 458 2527 Praeter
482 2475 576 2526 has
601 2475 725 2527 vero
750 2477 883 2528 vires
909 2486 1162 2545 punctum
1201 2474 1266 2526 M
1302 2474 1553 2544 gravitate
1576 2473 1816 2524 naturali·
1835 2472 2079 2524 deorsum
2111 2473 2319 2540 pellitur
2344 2474 2394 2525 vi

263 2583 315 2611 =
347 2571 369 2614 1
415 2563 699 2615 secundum
738 2564 1075 2615 directionem
1115 2563 1180 2615 M
1211 2563 1272 2625 C,
1298 2563 1382 2613 .ita
1421 2571 1480 2612 ut
1515 2571 1768 2629 punctum
1816 2560 1881 2611 M
1926 2560 1990 2611 ab
2025 2561 2263 2611 omnibus
2312 2560 2392 2612 his

250 2653 447 2705 viribus
493 2654 808 2723 conjunctim
850 2653 905 2703 in
948 2652 1230 2704 directione
1274 2649 1338 2701 M
1381 2650 1427 2702 C
1470 2648 1713 2700 deorsum
1758 2658 2005 2720 urgeatur
2047 2648 2099 2699 vi
2147 2668 2197 2695 =
2252 2655 2274 2698 1
2329 2656 2382 2710 -Ι-

255 2744 291 2795 S
331 2747 386 2812 (y
418 2761 453 2812 y
477 2775 549 2783 —
574 2750 606 2794 2
634 2762 672 2795 x
696 2744 754 2808 x)

250 2824 313 2875 a3
340 2828 391 2877 xl
419 2830 477 2894 (x
496 2844 533 2876 Χ
562 2835 614 2887 -ξ-
641 2845 676 2896 y
700 2827 757 2896 y)

250 2950 532 3003 directione
570 2951 636 3003 M
663 2953 714 3004 R
739 2953 790 3004 vi
818 2987 875 3008 =

796 2775 888 2827 ubi
925 2776 992 2827 ob
1035 2782 1057 2827 1
1105 2793 1323 2845 sequens
1360 2772 1611 2824 terminus
1649 2773 1762 2825 tuto
1800 2772 1994 2844 negligi
2029 2779 2216 2840 potest,
2256 2779 2306 2822 et
2337 2771 2393 2822 in

900 2923 1459 3004 AER-.-
1485 2959 1538 3013 ÷
1570 2917 2211 3010 {Eri-effla),
2264 2965 2390 3016 qua-

902 3004 1454 3074 a3xs(xx÷yy)
1573 2999 2177 3069 2a44s(xx÷yy)

250 3111 367 3144 rum
435 3095 656 3147 duarum
728 3097 915 3149 virium
990 3096 1033 3147 si
1110 3094 1175 3146 M
1239 3094 1294 3146 N
1363 3103 1588 3162 ponatur
1660 3090 1832 3142 media
1905 3089 2136 3152 directio,
2212 3090 2391 3159 prodi-

249 3182 326 3234 bit
385 3205 480 3254 per
541 3190 746 3260 regulas
810 3186 1194 3257 compositionis
1254 3184 1424 3238 motus
1486 3182 1663 3254 anguli
1727 3181 1772 3232 C
1827 3179 1893 3232 M
1934 3179 1988 3232 N
2046 3188 2263 3251 tangens
2328 3201 2381 3229 =

253 3274 1587 3427 ΜΛΝ-μὴ,
1634 3320 1750 3373 quae
1789 3300 2039 3353 divisione
2082 3310 2201 3353 actu
2244 3301 2390 3353 insti-

312 3374 343 3404 a
530 3378 566 3409 Χ
593 3379 630 3410 Χ
1104 3377 1136 3408 a
1294 3388 1366 3396 —
1450 3376 1486 3408 Χ
1511 3376 1546 3408 Χ

251 3443 378 3506 tuta,
414 3446 578 3517 iisque
612 3380 843 3502 terminis
867 3449 1116 3520 neglectis
1142 3376 1444 3518 inyguorum
1469 3447 1940 3501 denominatoribus
1970 3466 2001 3499 a
2035 3447 2209 3515 plures
2225 3428 2389 3516 ,quarn

2031 3539 2249 3606 3Sxy

1889 3609 2385 3690 W

259 3747 313 3801 -l-
347 3710 971 3821 {Eg-Q,
1001 3765 1118 3818 quae
1145 3755 1223 3801 est
1246 3765 1308 3799 ea
1331 3747 1443 3817 ipsa
1466 3745 1702 3810 formula,
1732 3743 1832 3816 qua
1859 3744 1933 3796 vis
1962 3741 2027 3793 M
2056 3743 2106 3794 R
2131 3739 2386 3810 exprime-

352 3799 384 3843 2
412 3812 442 3844 a
482 3860 484 3864 Ι
511 3795 563 3844 V
601 3799 658 3864 (x
683 3814 719 3847 Χ
752 3804 804 3860 -Ι-
838 3816 871 3865 y
895 3799 951 3866 y)

253 3576 473 3636 quatuor
499 3570 695 3624 obtinet
720 3573 1081 3636 dimensiones,
1109 3571 1217 3624 abit
1240 3572 1295 3623 in
1318 3572 1455 3623 hanc
1479 3571 1863 3640 expressionem
