2528 4172
261 259 366 306 290
685 251 1130 316 INQUISITIO
1170 252 1511 306 PHYSICA
1551 253 1635 306 IN
1676 252 2000 307 CAUSAM

261 439 385 487 nato
408 452 465 474 =
494 393 1293 506 Q,
1335 426 1613 479 denotante
1640 426 1695 488 Q
1728 428 1899 479 sinum
1924 426 2278 479 declinationis
2312 426 2407 478 bo-

850 497 880 529 a

1831 570 2410 641 L(np1·÷PR)Nr

1849 640 2412 707 ffl——ssbs

263 610 413 660 realis
444 606 593 669 Solis,
623 616 673 657 et
699 624 733 673 q
752 606 860 674 ejus
880 604 1132 667 cosinum,
1155 603 1435 657 habebitur
1452 605 1568 659 haec
1586 605 1811 676 aequatio

262 809 318 829 =
348 744 936 861 Q,
964 781 1198 852 neglecta
1226 781 1433 835 fractio-

595 853 626 884 a

261 946 327 978 ne
352 929 432 994 ἓξ,
460 944 555 993 per
581 944 737 994 quam
764 925 1140 976 incrementum
1162 927 1238 977 vis
1267 926 1437 977 Lunae

261 1016 593 1085 multiplicari
638 1015 871 1066 deberet.
957 1015 1222 1077 Quoniam
1266 1025 1439 1067 autem

264 1108 420 1160 Luna
456 1126 486 1157 a
523 1105 814 1156 meridiano
851 1122 959 1154 non
997 1106 1184 1173 procul
1210 1106 1437 1169 distabit,

263 1199 388 1267 poni
412 1197 603 1266 poterit
627 1215 663 1246 n
679 1220 738 1241 =
763 1203 809 1257 1,
840 1205 996 1264 atque
1022 1194 1142 1247 cum
1169 1196 1234 1248 sit
1259 1196 1438 1264 proxi-

383 1288 430 1339 L
537 1295 569 1337 4
595 1288 631 1338 S

263 1320 346 1372 me
377 1353 517 1401 -3=
540 1357 648 1423 {3⁹
676 1317 994 1370 obtinebitur
1020 1319 1115 1370 iste
1141 1318 1285 1370 valor
1313 1316 1365 1368 N
1383 1341 1441 1363 =

266 1463 318 1515 T
339 1482 372 1532 q
393 1468 434 1532 (t
451 1481 485 1529 p
507 1482 539 1531 q
561 1462 613 1513 -Ρ
643 1461 688 1513 Ρ
709 1461 783 1526 Q)

302 1554 334 1597 4
364 1564 389 1595 r
418 1551 473 1614 (p
499 1564 525 1595 r
545 1547 598 1597 ÷
620 1546 664 1597 P
688 1547 759 1612 R)

266 1653 446 1686 versus
473 1634 616 1687 dabit
642 1637 890 1705 temporis
913 1639 1154 1707 spatium,
1185 1658 1290 1709 quo
1311 1658 1445 1708 aqua

267 1735 387 1793 post
427 1726 702 1777 transitum
755 1726 924 1778 Lunae
971 1746 1066 1797 per
1108 1728 1454 1779 meridianum
1504 1726 1786 1778 maximam
1830 1719 2156 1773 altitudinem
2198 1714 2419 1785 attingit.

803 1514 818 1555 3
857 1496 945 1563 qui
982 1495 1036 1545 in
1072 1505 1274 1565 tempus
1313 1513 1437 1546 con-

275 1847 386 1899 Sub
413 1858 677 1917 aequatore
702 1867 828 1920 ergo
854 1849 952 1902 erit
977 1849 1032 1902 N
1065 1873 1124 1895 ==
1163 1819 1214 1870 T
1231 1828 1376 1913 tqq,
1418 1848 1486 1900 ob
1533 1849 1577 1900 P
1602 1870 1659 1891 =
1686 1864 1719 1896 o
1745 1855 1795 1897 et
1831 1862 1866 1912 p
1890 1865 1947 1885 =
1977 1849 1999 1898 1
2026 1860 2040 1903 3
2079 1858 2238 1911 quare
2266 1838 2308 1890 si
2333 1836 2423 1888 dea

1201 1910 1233 1953 4
1253 1920 1280 1952 r
1299 1920 1326 1952 r

270 1989 574 2044 clinationes
611 1993 945 2045 luminarium
969 1994 1052 2045 vel
1089 1992 1422 2064 negligantur
1447 1991 1527 2043 vel
1554 1989 1776 2060 aequales
1802 1994 2145 2046 assumantur,
2184 1982 2254 2033 ita
2280 1991 2338 2031 ut
2362 1979 2426 2030 sit

273 2133 308 2185 q
327 2133 362 2185 q
378 2138 436 2159 =
456 2134 483 2166 r
501 2134 543 2179 r,
573 2115 663 2167 fiet
683 2115 738 2167 N
755 2150 813 2171 =
833 2084 963 2222 Tg,
993 2117 1136 2185 cujus
1163 2115 1509 2183 expressionis
1537 2113 1680 2164 valor
1706 2120 1847 2162 extat
1866 2107 2121 2159 maximus
2143 2104 2185 2156 si
2204 2101 2425 2174 angulus

276 2258 343 2310 M
370 2258 415 2310 P
442 2259 490 2311 L
529 2259 593 2311 sit
619 2257 724 2311 45⁰.
761 2279 864 2330 quo
903 2278 1025 2311 casu
1063 2261 1161 2311 erit
1201 2260 1254 2311 N
1278 2283 1336 2303 =
1362 2261 1412 2326 ἐξ,
1454 2270 1504 2310 et
1542 2257 1761 2328 angulus
1800 2252 2118 2323 respondens
2142 2275 2199 2296 =
2228 2248 2295 2306 7⁰.
2328 2249 2426 2300 11'.

275 2347 364 2417 qui
389 2348 585 2400 indicat
611 2368 799 2418 aquam
822 2368 1081 2400 summam
1109 2357 1177 2401 30
1203 2349 1415 2400 minutis
1440 2357 1560 2417 post
1592 2346 1865 2398 transitum
1893 2343 2061 2394 Lunae
2097 2359 2192 2409 per
2217 2337 2428 2390 meridi-

276 2454 434 2487 anum
468 2437 769 2508 contingere
803 2438 1026 2490 debere:
1068 2438 1387 2508 totidemque
1412 2437 1624 2489 minutis
1650 2454 1784 2505 aqua
1809 2444 1927 2485 ante
1954 2431 2227 2483 transitum
2257 2429 2426 2480 Lunae

275 2544 371 2596 per
396 2527 738 2579 meridianum
761 2528 987 2580 maxime
1013 2530 1112 2580 erit
1137 2529 1349 2590 elevata,
1393 2528 1435 2578 si
1467 2528 1558 2579 Sol
1584 2537 1693 2577 tum
1720 2521 1898 2575 versus
1926 2540 2164 2573 occasum
2191 2528 2426 2570 versetur

278 2616 472 2687 angulo
511 2616 577 2668 M
612 2617 656 2668 P
684 2617 731 2668 L
754 2641 811 2662 =
840 2619 1152 2669 semi-recto.
1230 2617 1591 2678 Quamobrem
1617 2615 1658 2665 si
1695 2613 1850 2665 'Luna
1876 2610 1942 2662 ad
1967 2608 2310 2660 meridianum
2337 2625 2429 2675 ap-

278 2705 438 2775 pellat
481 2705 610 2757 hora
650 2705 787 2757 nona
833 2707 939 2758 sive
980 2706 1234 2758 matutina
1280 2706 1386 2757 sive
1423 2701 1798 2774 pomeridiana,
1844 2701 2017 2751 fluxus
2062 2698 2271 2749 demum
2310 2707 2429 2766 post

280 2795 620 2848 semi-horam
647 2796 863 2860 eveniet,
892 2807 944 2849 at
970 2797 1013 2848 si
1037 2796 1168 2849 hora
1195 2796 1346 2849 terti-a
1371 2796 1603 2865 appellat
1630 2794 1785 2846 Luna
1809 2791 1876 2843 ad
1901 2790 2259 2852 meridianum,
2296 2808 2430 2860 aqua

281 2906 484 2941 summa
510 2891 611 2941 30‘.
640 2889 759 2941 ante
784 2890 1168 2943 observabitur:
1209 2891 1264 2941 in
1289 2890 1400 2942 aliis
1419 2889 1543 2942 vero
1566 2890 1749 2942 Terrae
1774 2887 2072 2959 regionibus
2097 2886 2196 2935 ista
2220 2884 2428 2935 aberra-

281 2980 354 3031 tio
380 2981 544 3052 magis
571 2991 647 3033 est
683 2982 982 3053 irregularis
1002 3001 1016 3043 3
1053 2982 1263 3034 interim
1301 2991 1476 3033 tamen
1502 2981 1623 3034 satis
1648 2997 1814 3049 prope
1841 2996 1907 3029 ex
1931 2975 2147 3028 formula
2177 2972 2297 3025 data
2333 2990 2429 3042 per

283 3070 446 3123 solam
471 3071 867 3123 aestimationem
891 3081 1063 3141 potest
1087 3071 1309 3124 definiri.

356 3167 394 3230 ᾗ.
421 3170 507 3215 64.
548 3162 711 3225 Quod
738 3164 779 3214 si
804 3174 977 3216 autem
994 3163 1138 3215 hanc
1163 3182 1274 3214 rem
1297 3161 1526 3214 curatius
1551 3159 1859 3230 investigare
1883 3156 2115 3218 velimus,
2157 3153 2430 3205 amborum

283 3253 619 3306 luminarium
643 3255 1014 3308 declinationes
1040 3273 1148 3306 non
1184 3272 1284 3322 pro
1321 3252 1535 3306 arbitrio
1562 3251 1761 3321 fingere
1797 3248 1932 3310 licet,
1971 3246 2202 3315 pendent
2226 3244 2364 3310 enim
2399 3259 2432 3292 a
2520 3300 2523 3304 .

287 3362 340 3394 se
366 3343 548 3395 mutuo
575 3344 799 3397 maxime
825 3345 893 3396 ob
920 3344 1169 3415 angulum
1193 3342 1464 3394 horarium
1491 3340 1556 3392 M
1584 3339 1630 3392 P
1656 3339 1705 3390 L
1730 3338 1865 3389 inter
1886 3355 1951 3388 ea
1987 3336 2314 3404 interjectum
2338 3331 2430 3383 da·
2511 3340 2528 3398 3:

285 3440 427 3482 tum:
466 3443 524 3484 ut
548 3433 705 3504 igitur
740 3452 839 3503 pro
865 3433 985 3485 data
1024 3433 1192 3485 Lunae
1228 3431 1379 3501 phasi
1415 3428 1792 3482 aberrationem
1818 3426 2062 3478 maximae
2089 3441 2238 3493 aquae
2264 3421 2430 3473 eleva-

287 3519 442 3571 tionis
469 3540 498 3570 a
523 3523 743 3573 transitu
781 3523 951 3575 Lunae
987 3540 1081 3590 per
1104 3521 1450 3573 meridianum
1474 3517 1891 3578 determinemus,
1920 3521 2256 3583 repraesentet
2279 3510 2430 3562 nobis

290 3609 511 3662 circulus
540 3612 581 3662 Z
610 3612 657 3663 B
687 3613 738 3663 N
767 3614 812 3664 C
839 3612 1132 3665 verticalem
1157 3611 1481 3680 primarium,
1512 3608 1559 3659 B
1589 3607 1636 3660 C
1670 3607 2011 3666 horizontem,
2043 3603 2085 3657 Z
2113 3602 2165 3654 N
2190 3599 2429 3652 meridia-

291 3718 416 3752 num
441 3718 535 3769 per
560 3700 666 3752 dati
692 3703 792 3753 loci
817 3703 989 3755 zenith
1017 3703 1060 3754 Z
1086 3712 1138 3753 et
1162 3701 1312 3753 nadir
1340 3699 1393 3751 N
1419 3698 1652 3760 ductum,
1682 3708 1835 3768 atque
1861 3707 2094 3765 aequator
2120 3693 2186 3744 sit
2213 3692 2259 3743 B
2286 3692 2337 3742 A
2366 3689 2427 3751 C,

286 3789 442 3861 polus
470 3789 706 3841 australis
730 3809 783 3859 p,
824 3802 876 3842 et
914 3791 1151 3860 ecliptica
1185 3800 1227 3835 Π
1256 3802 1310 3834 Δ
1348 3798 1418 3839 ¹⁸.
1464 3771 1823 3839 ‘Constitutus
1860 3802 1999 3836 nunc
2023 3784 2092 3835 sit
2119 3780 2210 3834 Sol
2234 3780 2289 3830 in
2318 3778 2355 3829 S
2380 3787 2432 3829 et
