2528 4172
262 302 388 336 xxlv
1063 280 1622 336 INTRODUCTIO
2141 285 2303 351 [CAP.
2332 286 2410 341 II.

262 428 594 498 Maupertuis
613 425 995 478 nobilissimum
1014 443 1146 494 opus
1172 425 1237 477 de
1263 425 1432 497 figura
1458 410 1657 480 telluris
1682 447 1777 499 per
1802 430 2186 484 observationes
2221 434 2287 485 ad
2314 435 2408 487 cir-

261 518 437 571 culum
461 517 692 586 polarem
720 512 953 567 definita.

331 614 418 664 27.
461 607 724 659 Refra'ctio
751 605 932 657 sideris
959 604 1375 669 declinationem,
1405 596 1762 661 ascensionem
1787 619 1999 674 rectam,
2027 610 2411 682 longitudinem

260 716 321 750 ac
368 696 697 749 latitudinem
746 694 904 747 afficit
955 703 1008 746 et
1056 713 1206 746 arcus
1259 694 1440 746 circuli
1487 698 1703 749 maximi
1744 719 1849 770 quo
1895 700 2078 752 sideris
2115 700 2391 753 declinatio

258 788 491 840 ascensio
529 795 685 848 recta,
722 784 996 856 longitudo
1032 794 1085 836 et
1120 784 1342 835 latitudo
1376 785 1628 839 minuitur
1663 789 1745 841 vel
1779 800 1999 861 augetur
2023 809 2119 860 per
2145 738 2413 844 refractio:

257 896 395 941 nem,
437 875 625 927 dicitur
660 873 903 937 refractio
937 873 1294 925 declinationis
1319 873 1403 925 vel

257 966 573 1020 ascensionis
599 974 772 1029 rectae,
812 967 936 1027 &c.;
976 974 1028 1015 at
1054 983 1119 1016 ex
1145 961 1265 1015 data
1292 962 1407 1015 alti-

257 1059 452 1111 tudinis
503 1056 811 1108 refractione
871 1054 988 1105 aliae
1038 1053 1408 1106 refractionum

258 1149 455 1219 species
475 1147 695 1199 inveniri
713 1154 951 1215 possunt.
1004 1145 1144 1196 Nam
1164 1145 1219 1196 in
1238 1143 1408 1216 figura

257 1240 514 1310 superiori
558 1239 749 1290 dantur
790 1238 845 1288 in
887 1235 1153 1307 triangulo
1199 1254 1222 1286 s
1272 1235 1315 1286 Z
1363 1235 1409 1286 P
1485 1229 1551 1278 AE

255 1331 423 1384 latera
451 1330 494 1382 Z
522 1348 546 1381 s
572 1338 624 1380 et
653 1328 694 1379 Z
725 1327 771 1379 P
798 1346 918 1379 cum
944 1325 1137 1397 angulo
1164 1344 1186 1376 s
1218 1325 1260 1376 Z
1289 1324 1335 1375 P
1362 1333 1413 1375 et

254 1420 378 1475 inde
418 1421 677 1490 reperitur
716 1420 850 1470 latus
895 1437 919 1470 s
966 1418 1012 1471 P
1052 1436 1172 1469 cum
1215 1416 1410 1488 angulo

257 1533 281 1566 s
323 1513 368 1566 P
407 1513 450 1564 Z
489 1513 635 1581 cujus
672 1528 919 1562 mensura
956 1517 1034 1560 est
1071 1525 1221 1559 arcus
1249 1506 1323 1558 AE
1355 1505 1408 1570 d,
1485 1462 1543 1508 H
1573 1508 1578 1516 ⁸

252 1602 396 1657 unde
437 1601 558 1655 cum
598 1601 752 1653 detur
794 1617 944 1651 arcus
980 1597 1056 1649 AE
1091 1598 1165 1661 D,
1202 1596 1412 1648 dabitur

253 1714 406 1748 arcus
445 1694 481 1747 d
511 1694 567 1747 D
603 1690 843 1744 refractio
888 1687 1202 1741 ascensionis
1251 1695 1410 1738 rectae

253 1785 436 1841 sideris
478 1786 545 1847 S3
585 1793 637 1836 et
674 1782 795 1853 quia
827 1780 1019 1833 dantur
1053 1797 1202 1831 arcus
1237 1777 1273 1829 d
1298 1796 1321 1828 s
1347 1784 1401 1828 et

253 1878 310 1930 D
341 1877 395 1939 S,
423 1874 634 1927 dabitur
659 1870 816 1923 etiam
848 1869 1040 1919 horum
1076 1882 1293 1918 arcuum
1329 1854 1637 1915 differentia,
1667 1867 1784 1919 quae
1811 1854 1887 1896 est
1912 1842 2153 1894 lesi-actio
2181 1840 2407 1892 declina-

251 1967 423 2021 tionis.
502 1964 608 2018 Sed
642 1962 777 2014 datis
818 1957 1166 2010 declinatione
1204 1963 1257 2004 et
1296 1948 1599 2003 ascensione
1638 1936 1813 1992 recta:
1857 1932 2040 2003 puncti
2083 1931 2310 2000 cujusvis
2351 1929 2407 1979 in

253 2055 460 2128 sphaera
497 2048 779 2111 mundana,
819 2048 1011 2098 dantur
1046 2042 1209 2112 ipsius
1243 2038 1465 2091 latitudo
1502 2044 1554 2087 et
1591 2024 1866 2099 longitudo
1897 2022 2041 2091 (18);
2077 2028 2220 2088 patet
2245 2017 2403 2089 igitur

253 2145 516 2220 quomodo
540 2137 828 2193 latitudinis
855 2144 907 2186 et
930 2129 1272 2203 longitudinis
1298 2125 1633 2180 refractiones
1656 2114 1859 2188 possint
1881 2110 2117 2162 inveniri.

324 2244 411 2289 28.
450 2234 573 2287 Jam
588 2250 595 2261 ¹
610 2230 677 2281 de
713 2223 1082 2281 Parallaoeihus
1116 2237 1284 2289 pauca
1319 2216 1471 2269 nobis
1519 2205 1797 2264 delibanda
1837 2211 1972 2254 sunt.
2051 2199 2272 2260 Caetera,
2315 2196 2407 2247 ubi

253 2348 385 2400 opus
421 2325 595 2387 fuerit,
636 2322 741 2375 suis
777 2317 905 2371 locis
944 2329 1287 2384 exponemus.
1364 2308 1548 2377 Itaque
1585 2295 1827 2352 distantia
1858 2293 2095 2343 locorum
2119 2289 2175 2339 in
2201 2284 2405 2356 sphaera

253 2416 451 2472 coelesti
486 2414 554 2465 ad
591 2429 709 2483 quae
746 2407 889 2460 sidus
914 2404 998 2457 vel
1020 2402 1409 2472 phaenomenon
1436 2391 1655 2465 quodvis
1681 2406 1710 2439 e
1737 2381 2010 2453 superficie
2035 2378 2235 2431 telluris
2260 2385 2313 2428 et
2338 2393 2406 2427 ex

253 2513 363 2581 ejus
401 2517 581 2561 centro
619 2510 909 2573 spectatum
946 2495 1184 2556 refertur,
1225 2488 1332 2543 sive
1369 2504 1519 2539 arcus
1558 2477 1737 2535 circuli
1771 2471 1987 2527 maximi
2015 2470 2150 2521 inter
2186 2467 2275 2518 illa
2300 2466 2406 2518 duo

252 2601 370 2652 loca
392 2599 726 2663 interceptus,
765 2589 926 2661 ipsius
954 2584 1135 2638 sideris
1162 2590 1252 2634 aut
1275 2572 1612 2649 phaenomeni
1636 2563 1916 2639 parallaxis
1943 2558 2248 2630 appellatur,
2289 2574 2406 2627 quae

751 2692 772 2734 t
804 2679 907 2732 nisi
932 2687 1086 2730 terrae
1113 2670 1494 2726 semidiameter
1525 2658 1820 2717 sensibilem
1844 2652 2035 2705 habeat
2058 2649 2312 2701 rationem
2327 2634 2406 2696 'ad

1114 2763 1193 2816 Sit
1219 2761 1271 2813 T
1297 2767 1534 2812 centrum
1559 2749 1757 2805 telluris
1783 2764 1844 2798 ac
1873 2742 2018 2803 coeli3
2060 2740 2112 2791 A
2138 2737 2317 2790 oculus
2350 2736 2405 2787 in

1642 2841 1691 2894 el
1726 2838 2115 2908 phaenomenon
2156 2825 2372 2898 quodvis
2388 2844 2403 2887 3

2037 2923 2091 2973 in
2132 2916 2405 2987 superficie

253 2689 476 2762 proinde
512 2685 658 2739 nulla
694 2702 747 2736 es

256 2779 554 2834 distantiam
590 2773 773 2827 sideris
812 2790 843 2821 a
877 2765 1033 2821 terra.

255 2871 527 2943 superficie
564 2878 746 2927 terrae3
784 2863 827 2915 Z
864 2858 1037 2913 zenith
1072 2854 1176 2906 loci
1215 2853 1265 2904 A
1283 2872 1299 2914 3
1339 2850 1394 2912 Q
1431 2847 1570 2900 sidus
1607 2863 1635 2894 v

261 2966 307 3018 C
348 2963 403 3025 Q
435 2962 481 3014 P
522 2955 781 3013 verticalis
818 2970 913 3023 per
952 2950 1006 3012 Q
1042 2944 1328 3005 transiens3
1376 2940 1419 2992 Z
1460 2939 1497 2991 S
1537 2936 1595 2988 X
1633 2933 1696 2986 H
1737 2924 1993 2982 verticalis

259 3055 481 3125 sphaerae
519 3048 772 3110 coelestis3
815 3045 867 3097 A
902 3042 950 3094 B
981 3040 1030 3093 E
1068 3033 1324 3090 verticalis
1364 3032 1421 3083 in
1459 3023 1737 3097 superficie
1773 3030 1927 3072 terrae
1944 3035 1959 3078 3
1998 3012 2049 3065 T
2089 3011 2151 3064 H
2186 3008 2405 3061 horizon

260 3143 523 3197 rationalis
562 3151 614 3193 et
639 3140 690 3192 A
713 3137 752 3189 h
790 3133 1008 3186 horizon
1045 3123 1316 3181 sensibilis.
1398 3119 1505 3172 His
1541 3113 1615 3169 ita
1652 3105 1957 3167 constitutiS,
1985 3102 2131 3153 locus
2154 3097 2400 3168 physicus

260 3235 443 3288 sideris
466 3233 536 3296 Q,
565 3240 644 3284 est
665 3235 918 3299 punctum
942 3219 1074 3272 illud
1098 3219 1153 3269 in
1178 3233 1283 3286 quo
1310 3210 1491 3264 sideris
1512 3213 1747 3259 centrum
1763 3198 1944 3250 haeret.
2007 3191 2184 3244 Locus
2203 3187 2406 3260 opticus

682 3321 824 3373 visus
865 3323 943 3367 est
977 3318 1229 3382 punctum
1255 3305 1306 3357 V
1332 3304 1386 3354 in
1412 3295 1687 3368 superficie
1713 3290 1932 3360 sphaerae
1959 3281 2194 3344 coelestis,
2223 3280 2274 3331 in
2303 3295 2407 3349 quo

259 3426 403 3469 recta
426 3431 494 3466 ex
518 3411 671 3465 oculo
698 3409 750 3461 A
774 3424 870 3477 per
896 3411 1132 3456 centrum
1158 3393 1339 3448 sideris
1361 3390 1416 3452 Q
1440 3388 1597 3440 ducta
1620 3380 1940 3435 terminatur.
2004 3372 2178 3424 Locus
2198 3368 2400 3438 opticus

262 3524 417 3559 verus
457 3512 535 3557 est
575 3509 829 3572 punctum
871 3497 909 3549 S
951 3493 1005 3545 in
1050 3484 1321 3559 superficie
1359 3479 1580 3551 sphaerae
1621 3469 1841 3526 coelestis
1877 3468 1932 3519 in
1968 3481 2072 3535 quo
2104 3460 2408 3514 terminatur

268 3606 413 3649 recta
435 3594 575 3644 linea
599 3590 652 3642 T
678 3588 734 3650 Q
763 3587 800 3639 S
826 3603 892 3637 ex
915 3594 1069 3636 terrae
1095 3585 1274 3630 centro
1299 3571 1352 3624 T
1376 3587 1471 3640 per
1498 3566 1553 3628 Q
1578 3563 1750 3616 ducta.
1824 3554 2126 3610 Pavrallaxis
2161 3559 2238 3602 est
2261 3565 2410 3599 arcus

279 3687 316 3739 S
343 3679 400 3736 V·
434 3681 540 3734 sive
579 3675 869 3732 differentia
906 3672 1130 3723 duorum
1154 3666 1389 3717 locorum
1416 3656 1721 3727 opticorum.
1796 3646 2023 3715 Angulus
2049 3638 2411 3711 parallacticus

276 3792 361 3846 qui
398 3771 710 3842 plerumque
747 3763 901 3816 etiam
937 3757 1241 3813 Parallaxz‘s
1277 3757 1502 3808 vocatur,
1548 3751 1627 3795 est
1663 3735 1883 3809 angulus
1921 3734 1972 3786 A
2000 3731 2053 3792 Q
2080 3728 2132 3781 T
2168 3743 2321 3797 quem
2356 3723 2411 3774 in

260 3342 517 3395 apparens
556 3341 648 3374 seu
